2874 4996
242 377 288 496 44,
340 423 344 434 ·
616 417 619 421 ·
680 375 852 444 METRA

238 499 379 612 mimicus
400 509 647 574 Pherecratium
667 511 937 602 haphthemimeres
956 512 1155 599 antispastico
1176 495 1293 598 geiseri

237 619 404 714 viudicet,
423 619 613 684 itascilicet
631 622 773 707 partitur
787 613 824 684 ut
843 620 1013 707 epitritum
1029 635 1183 708 quartum
1202 637 1293 686 com-

238 732 354 820 plicet,
366 753 442 796 cum
453 731 587 818 epitrito
597 731 705 818 primo
714 734 806 817 cujus
815 730 928 796 ultima
937 729 1059 798 deficit.
1074 727 1294 801 ΔικαταἍηκτον

239 856 349 922 vocat,
363 856 397 907 ct
410 841 610 932 ἀσυνᾷρπητον
621 839 697 907 κατὰ
707 842 921 924 ἀντιπάθειαν,
934 843 1011 932 quia
1023 843 1211 911 trochaicam
1218 863 1295 934 pm-

200 973 201 976 *
239 961 339 1017 tomen
365 951 487 1016 claudit
503 953 645 1017 Iombica
664 954 840 1018 rotularis.-
865 975 968 1041 quum
991 951 1040 1017 hae
1058 953 1292 1043 conjugationes

242 1063 305 1126 sibi
325 1078 440 1127 mutuo
458 1063 660 1127 adversantia.
685 1063 966 1151 Sesquisqrtchorio
979 1063 1134 1146 'clausula
1157 1062 1293 1142 dicitur,

239 1173 339 1262 quod
350 1173 456 1238 tribus
476 1173 659 1262 dissyllabis
677 1173 818 1262 pedibus
836 1174 969 1240 hisectis
986 1173 1122 1238 accedat
1137 1174 1291 1260 semipes.

240 1267 408 1360 Ᾱνοίπαισις
422 1287 477 1353 hic
494 1289 529 1353 id
546 1291 657 1355 valere
669 1289 801 1354 videtur
813 1288 905 1377 quod
920 1290 955 1354 iu
970 1289 1092 1354 Ionicis
1108 1264 1292 1362 Ᾰνάκλασις.

241 1404 307 1464 Pes
330 1399 420 1465 enim
440 1415 568 1487 septem
590 1405 779 1487 temporum
798 1413 831 1464 et
852 1421 911 1486 pes
932 1399 1080 1486 quinque
1103 1411 1295 1486 temporum

240 1507 336 1570 simul
356 1507 477 1594 sumpti
497 1523 621 1594 puncta
643 1507 824 1571 conficiunt
843 1505 1044 1571 duodecim:
1063 1521 1100 1570 ut
1119 1505 1294 1586 dincctrum,

145 1687 147 1693 y
240 1613 389 1700 quamvis
398 1613 523 1700 syllaba
534 1613 676 1692 deficiat,
687 1628 798 1678 tamen
808 1635 871 1702 per
881 1611 969 1678 hanc
978 1616 1139 1702 epiploccc
1150 1615 1242 1680 velut
1254 1639 1297 1680 ex

240 1725 493 1812 repercussione
504 1727 611 1826 justos
626 1725 776 1790 absolvat
788 1747 957 1790 numeros.
979 1729 1061 1790 Post
1078 1726 1297 1813 Asclepiadea

131 1873 133 1877 ν
240 1834 321 1900 hina
333 1852 481 1924 pomtur,
497 1851 657 1923 sequente
670 1835 850 1922 Glycomo
867 1841 905 1902 L.
924 1835 1036 1915 1,0d.
1053 1841 1085 1914 5,
1100 1839 1153 1916 14,
1167 1838 1224 1916 21,
1237 1839 1295 1952 23,

242 1927 326 2010 etL.
344 1933 401 2022 lll,
420 1944 487 2012 Od.
504 1947 537 2025 l,
553 1945 605 2010 13.

286 2073 319 2136 4.
351 2073 385 2136 S.
400 2075 444 2136 D.
458 2074 502 2134 D.
531 2071 717 2158 Glycomum
737 2045 983 2158 occultatam·
1005 2069 1135 2136 duobus
1156 2070 1298 2158 dactylis

242 2182 430 2271 spondeum
444 2183 601 2270 praejacit.
621 2187 745 2247 Locum
762 2181 899 2246 sortitur
913 2180 1000 2270 apud
1014 2185 1130 2246 Horat.
1148 2181 1202 2246 vel
1219 2197 1298 2248 ante

243 2289 370 2376 singula
389 2286 617 2378 Asclepiadea,
636 2289 691 2355 vel
708 2303 785 2376 post
803 2289 883 2353 bina
902 2311 977 2353 cum
991 2287 1226 2370 Pherecratio,
1241 2290 1298 2356 vel

240 2398 391 2496 ¹denique
409 2414 486 2487 post
502 2415 607 2465 terna.
622 2401 789 2488 Hemiepos
803 2397 936 2462 dicitur.
956 2397 1206 2464 Animadvertas
1219 2397 1301 2463 licet

247 2508 294 2572 Gt
288 2511 432 2604 yroniam
444 2509 642 2575 Pherecratio
650 2511 846 2599 promissum
858 2509 1206 2638 corcstcerePriapcium,
1218 2531 1301 2596 quo·-

205 2688 207 2694 ,
246 2618 349 2684 modo
365 2619 531 2685 Catullus·

241 2795 242 2800 ,
334 2736 690 2796 Huuclucumtibidedico
699 2757 875 2808 cousecmqm,
889 2741 987 2808 Priape.

246 2845 288 2907 Et
301 2845 454 2932 Virgilius
467 2872 475 2910 :

370 2959 418 3011 Cui
431 2976 480 3011 uon
493 2960 573 3010 dictus
585 2959 660 3028 Hylas
674 2960 735 3028 puer
746 2970 772 3011 et
783 2962 886 3012 Latonia
897 2960 988 3015 Delos?

292 3083 323 3143 5.
349 3079 529 3144 S.D.D.S.
549 3081 763 3145 Tetrometrum
770 3079 966 3168 dactylicum.
978 3079 1142 3146 Sidcsinit
1153 3080 1188 3144 in
1200 3103 1304 3170 spon·

247 3190 363 3270 deum,
376 3189 629 3254 Archilochium:
648 3190 700 3256 siu
716 3191 750 3256 iu
766 3190 951 3280 dactylum,
964 3192 1176 3256 Alcmemicm.
1194 3196 1304 3258 Hexa-

247 3305 344 3370 mctri
359 3301 473 3388 Κάμμα
485 3299 636 3392 ἀρκτικὸν,
652 3326 693 3370 ex
711 3320 805 3391 parte
824 3305 997 3393 superiore
1017 3326 1152 3369 versus:
1168 3299 1301 3392 δίμοιρον

246 3417 330 3488 ἔπους
336 3463 349 3496 ,
364 3407 632 3494 ὴὲέὴεωηεῑτί.
646 3398 800 3484 Bucolico
815 3413 911 3494 tomc,·
932 3417 967 3482 in
982 3431 1212 3504 tetrametrum
1225 3419 1303 3482 Alc·
1331 3431 1334 3434 “

246 3526 407 3606 manium,
424 3505 588 3614 pastorale
608 3547 742 3595 carmen
758 3524 954 3605 Theocrito,
974 3549 1073 3614 quam
1084 3527 1222 3614 Virgilio
1235 3527 1303 3592 frc-

245 3637 401 3725 quentius
412 3635 561 3700 caeditur.
576 3636 795 3723 Postponitur
807 3623 1012 3701 hexametro.
1027 3639 1063 3701 L.
1076 3637 1104 3716 l,
1115 3635 1184 3703 od.
1193 3639 1226 3714 l,
1237 3637 1300 3713 28;

246 3743 353 3832 epod.
374 3747 426 3810 12.

249 3947 255 3959 ..
289 3871 320 3933 6.
346 3867 615 3938 s.1).s.s.1).s.
635 3871 817 3948 Heroicum,
833 3871 935 3959 Epor.
954 3873 1032 3949 L.'l,
1047 3867 1114 3936 Od.
1132 3871 1165 3948 l,
1178 3869 1235 3933 28.

171 3939 191 3996 ’
288 3979 499 4064 premittitur
519 3996 712 4050 tetrametro
731 3981 884 4058 heroic0,
904 3981 1011 4070 Epod.
1036 3983 1094 4058 123
1116 3977 1301 4066 penthemi-
