2874 4996
470 407 776 478 uouemus.
1100 403 1145 476 23

38 543 39 600 i

126 648 152 698 D.
165 647 281 716 maniat,
296 646 325 698 S.
338 645 476 716 socrdem
492 645 525 700 T.
539 646 673 712 trochem3
688 645 711 698 Ι.
726 645 837 711 tantu,
849 644 877 698 J.
890 644 983 696 iouime
994 661 1009 696 a
1022 623 1133 708 minoeia

546 767 583 778 -
594 755 694 792 asum.

36 1019 37 1044 χ
150 951 176 1012 1.
200 943 290 1014 D.S.
306 947 839 1026 Amatam‚Ad0mu·am,·1>tocius
851 942 1151 1010 adducitinexem-

36 1069 37 1074 ’
110 1061 189 1147 plum
201 1033 228 1122 d
239 1058 289 1125 τὸν
302 1037 431 1123 ridetur.
444 1061 575 1126 Dicitur
584 1059 729 1150 Epodos,
741 1060 816 1149 quia
827 1057 1000 1144 subjicitur
1008 1055 1147 1146 Sapphi-

111 1170 164 1250 cis,
185 1170 273 1260 apud
293 1169 483 1250 Horatium,
505 1168 633 1234 ternis:
657 1167 837 1256 dnapaestis
861 1163 949 1256 apud
971 1167 1151 1246 Senecam,

35 1313 37 1396 ‚
110 1297 262 1370 quotenos
284 1305 339 1347 res
362 1281 486 1346 tulerit.
508 1281 643 1346 Hernici
663 1279 777 1366 Κάμμα
793 1275 942 1357 haeresia,
957 1278 1011 1344 vel
1024 1271 1149 1342 τελικόν.

111 1393 272 1458 otmarum
282 1415 324 1456 ese
332 1391 566 1480 insen‘oriparte
576 1390 758 1456 hexametri.
770 1389 950 1456 Diomedes
961 1405 1059 1454 metr.
1067 1391 1150 1454 Hor.

110 1503 141 1563 L.
155 1504 184 1581 I,
199 1502 268 1569 Od.
290 1505 349 1581 to,
370 1501 535 1567 nominari
558 1501 713 1590 perhibet
736 1504 822 1568 m'cen
842 1503 959 1566 celieoa
973 1501 1152 1578 elimaeos»,-

109 1630 278 1704 corrupte,
299 1629 459 1702 quantum
483 1636 648 1702 auguror,
672 1637 713 1680 ex
733 1610 831 1682 ε’πικὴν
850 1609 963 1681 usitatim
980 1611 1150 1700 Διμοιρίαν.

110 1725 224 1788 Remoto
244 1722 430 1788 hexametri
449 1724 549 1801 berse,
570 1725 727 1814 reh'qunm
750 1725 894 1788 trientem.
916 1726 1013 1790 Nota.
1031 1727 1156 1791 Versus

33 1897 34 1900 ,
109 1833 198 1898 certis
218 1832 363 1922 pedihus
383 1831 525 1918 alligati,
545 1833 603 1922 qui
620 1835 904 1899 monoeeltmsatisti
921 1821 1076 1913 audiunt,
1092 1856 1157 1922 per

109 1940 238 2026 syllabas
257 1942 431 2006 numerari
447 1941 633 2031 patiuntur;
653 1943 742 2009 unde
757 1943 950 2034 Sapphr'eum
962 1945 1156 2032 pentasylh.
1261 1983 1262 1988 1

110 2051 173 2114 bum
184 2067 338 2116 vocatur.
360 2051 490 2117 Musicis
502 2051 764 2129 choriambicum
779 2068 1025 2119 monometrum
1034 2052 1156 2142 hyper-

111 2160 309 2226 catalectum.

147 2295 176 2356 2.
200 2295 358 2359 D.D.—.
373 2291 614 2356 Archilochium
624 2291 872 2380 heptasyllabam
882 2305 1013 2358 constat
1023 2315 1064 2358 ex
1073 2292 1159 2370 basi,

111 2403 156 2467 vel
167 2401 296 2492 duona
307 2403 459 2492 dactylica
469 2425 546 2468 cum
560 2402 742 2492 semipede.
758 2402 947 2468 Dimetrum
958 2401 1156 2491 dactylicum

111 2510 418 2600 hypercatalectum.
435 2513 559 2578 Cesum
573 2534 616 2575 ex
631 2512 789 2602 superiori
795 2523 886 2602 parte
904 2509 1076 2576 resanata·
1082 2533 1158 2598 pen·

110 2620 289 2686 tdemimeres
299 2620 505 2686 subnectitur
517 2618 722 2684 hexametro.
739 2621 850 2684 Carm.
866 2622 901 2684 L.
915 2622 973 2698 IV,
987 2618 1054 2686 Od.
1072 2621 1102 2685 7.

150 2765 179 2826 3.
208 2764 243 2827 S.
255 2768 299 2828 D.
312 2763 350 2829 S:
364 2761 596 2827 Pherecratinm
616 2760 659 2826 ah
677 2743 865 2852 inventore.
886 2760 1104 2829 Pherecrates
1123 2763 1159 2830 in

112 2872 273 2940 Curiano:
298 2905 302 2914 ·

30 2977 31 2982 ¹
325 2965 437 3078 Ᾰνδρες
450 2988 595 3077 πρόσχετε
609 2983 658 3052 τὸν
676 2988 745 3052 νοῦν

192 3163 195 3172 ,
326 3081 515 3195 disortium
530 3109 625 3194 καινῷ

326 3219 525 3310 Συμπτύκτοις
540 3221 745 3298 ἀναπαίστοις.

114 3377 237 3442 Plocius
263 3375 584 3442 monoschematistum
607 3394 728 3445 vocat:
758 3376 860 3442 habet
885 3380 975 3443 enim
1000 3378 1103 3468 pedes
1127 3381 1163 3448 in

115 3483 226 3551 eodem
238 3485 302 3552 situ
315 3485 543 3566 invariabilem
561 3503 597 3553 ut
611 3488 668 3577 qui
678 3492 773 3575 juxta
787 3481 1020 3575 grammaticos
1032 3488 1161 3558 duobus

116 3593 186 3660 hinc
205 3596 284 3692 inde
301 3597 459 3688 spondeis
473 3598 642 3686 dactylum
658 3622 790 3689 semper
807 3599 985 3686 interjiciat
995 3598 1160 3668 medium:
1293 3673 1300 3684 ,

116 3705 197 3772 unde
214 3723 247 3772 et
259 3707 508 3797 heptasyllabam
523 3709 595 3774 fieri
611 3731 748 3774 necesse
764 3726 825 3775 est.
846 3708 948 3795 Quod
967 3708 1059 3774 addit
1073 3710 1165 3778 idem

118 3813 190 3882 alios
202 3833 405 3908 symptyeton,
423 3821 504 3886 alios
515 3822 735 3910 arsapoestieum
746 3820 873 3900 dicere,
888 3843 1008 3888 vereor
1018 3837 1055 3886 ut
1067 3822 1164 3888 alter-

119 3925 176 3988 utri
193 3927 273 4014 quid
290 3929 352 3994 sibi
368 3930 487 4010 velint,
501 3929 578 3998 satis
595 3930 840 3997 intellexerint=
858 3952 921 3996 nec
938 3929 1028 3997 enim
1040 3932 1165 3998 Phere-

119 4035 211 4100 cratis
223 4039 326 4104 verba
342 4038 383 4104 de
396 4041 475 4128 pede
486 4055 645 4132 anapesto
658 4041 823 4130 ceperim3
838 4065 939 4130 quum
952 4039 1167 4131 hephaestion
1181 4115 1185 4126 ,

983 4153 1016 4220 2⁸
