2874 4996
275 502 310 570 ev
647 459 960 595 ‚rnurerro

275 650 312 710 et
335 633 388 708 Cl.
418 628 582 706 Besechae
608 643 646 700 et
672 629 725 702 Cl.
753 627 995 708 Lindemenui
1023 627 1267 725 aliorumque,
1284 626 1341 723 qui

276 756 487 855 singularias
507 752 648 830 fabulas
665 752 878 838 ediderunt,
893 756 947 830 uti
968 775 1035 826 uos
1054 753 1181 848 piguit.

324 877 441 953 Plauti
462 901 653 962 numeros,
682 901 776 973 quos
798 878 876 972 ipse
891 873 1093 983 ‘profitetur
1120 874 1342 953 innumeros,

156 1097 159 1106 .
275 1005 434 1078 illustres
447 998 546 1098 apud
563 1022 678 1073 novos
698 999 922 1096 grammatici
940 1000 1166 1096 gymnasium
1188 996 1345 1074 lecerunt

277 1127 364 1214 sibi,
387 1127 424 1202 in
449 1148 525 1221 quo
557 1122 714 1198 multum
743 1137 983 1224 susceperunt
1011 1123 1168 1196 intricati
1197 1121 1345 1204 laboris,

230 1255 232 1264 ’
276 1249 394 1326 multo
409 1249 518 1324 etiarn
537 1249 650 1343 magis
662 1243 847 1322 divinandi
862 1245 1013 1320 libidine
1027 1243 1094 1318 sibi
1110 1243 1346 1320 indulserunt·

247 1385 251 1389 ’
279 1374 370 1471 Qpis
389 1386 510 1450 autem
530 1375 569 1447 in
586 1393 627 1446 re
646 1384 720 1444 tam
739 1369 916 1454 obscura,
937 1384 1011 1445 tam
1034 1370 1192 1457 incerta,
1215 1383 1348 1442 certum

277 1498 415 1594 aliquid
439 1510 478 1578 et
501 1517 629 1566 verum
653 1490 818 1591 prolerre
850 1517 887 1568 se
915 1516 1015 1567 nunc
1044 1515 1151 1589 posse
1177 1489 1351 1574 confidat,

278 1647 394 1719 quum
426 1619 551 1717 scripti
578 1616 720 1688 codices
750 1613 947 1694 comoedias
972 1638 1049 1690 uno
1073 1627 1209 1702 tractu,
1229 1613 1350 1688 distin·

164 1803 169 1822 .
278 1747 400 1815 ctione
417 1765 590 1820 versuum
607 1740 722 1828 nulla,
735 1743 838 1837 quasi
852 1763 998 1838 prosam
1016 1739 1240 1825 orationem,
1254 1741 1353 1811 insu·

279 1893 345 1966 per
362 1864 459 1939 foede
478 1875 652 1961 corrupto
672 1864 795 1940 multis
814 1864 904 1940 loeis
923 1862 1120 1937 verborum
1141 1861 1288 1946 habitu,
1302 1859 1353 1928 vel

279 1994 478 2065 interversa
495 1986 667 2072 statione,
693 1985 942 2073 reddiderint,
957 2009 1148 2084 quumque
1165 1985 1238 2080 jam
1260 1981 1355 2082 apud

281 2112 458 2210 sequioris
476 2111 541 2184 aeri
560 2111 708 2183 latinos
723 2107 770 2180 de
787 2107 1044 2184 constituendo
1061 2110 1177 2182 Plauti
1198 2113 1356 2180 carmine

281 2255 548 2329 nonnunquam
567 2223 812 2328 ambigeretur
824 2230 901 2326 (r)?

330 2365 397 2430 Ars
413 2358 548 2434 etenim
560 2353 811 2443 versificandi,
834 2357 950 2452 prisca
968 2355 1030 2430 illa
1049 2369 1172 2438 atate,
1187 2356 1357 2427 nondum

271 2485 329 2553 ita
350 2457 491 2579 legibus
507 2484 715 2551 Graecorum
733 2478 1010 2565 continebatur,
1031 2479 1122 2576 quin
1145 2502 1213 2575 pro
1238 2478 1359 2550 lubitu

281 2602 482 2676 identidem
505 2616 716 2698 evagaretur
737 2601 909 2690 liberine,
932 2616 969 2674 et
987 2604 1226 2678 inconcinnos
1249 2618 1359 2700 atque

282 2724 523 2799 claudicantes
546 2721 656 2796 foetus
684 2723 742 2796 vel
771 2725 930 2813 incuria,
957 2724 1046 2794 dum
1076 2748 1217 2794 moram
1241 2724 1360 2798 liturae

199 2876 203 2883 ·
282 2848 487 2934 metuebat,
509 2830 568 2919 vel
588 2849 789 2945 imperitia,
807 2849 894 2946 quia
914 2846 1067 2918 rudibus
1089 2845 1210 2918 adhuc
1236 2849 1362 2948 lingua
1393 2827 1394 2832 Ἰ

283 2988 320 3044 et
338 2971 510 3069 prosodia
528 2969 711 3052 utebatur,
731 2969 864 3046 ederet.
885 2977 1058 3044 Auctores
1075 2997 1151 3043 uon
1171 2973 1292 3044 solum
1311 2980 1363 3045 in-

263 3111 339 3176 ¹tra
357 3096 542 3167 trimetros
562 3119 637 3166 non
659 3107 858 3182 steterunt,
873 3108 909 3164 et
932 3096 1049 3167 omnis
1061 3095 1227 3192 generis,
1242 3099 1363 3167 omnis

283 3243 460 3296 mensurae
474 3243 598 3290 versus
611 3219 649 3288 in
664 3215 827 3291 diverhio
842 3220 1164 3304 commiscuerunt,
1178 3217 1362 3320 sedetiam

274 3341 485 3436 'quantitate
518 3337 737 3440 syllabarum
763 3337 970 3435 definienda
997 3322 1033 3408 e't
1065 3341 1365 3434 coagmentandis

286 3465 453 3563 carminis
464 3459 640 3560 partibus,
656 3460 767 3532 modo
777 3462 955 3547 nolentes,
968 3459 1079 3534 modo
1092 3462 1268 3547 volentes,
1280 3465 1367 3560 plus

283 3591 361 3659 vice
380 3584 539 3683 simplici·
553 3599 762 3682 peccarunt.
1103 3601 1105 3604 ·

330 3711 463 3795 Multa,
485 3711 594 3782 etiam
616 3705 715 3805 apud
734 3707 907 3804 tragicos,
922 3720 1031 3778 erant
1052 3707 1210 3778 orationi
1232 3706 1368 3778 solutae

280 3834 477 3920 simillima,
495 3855 654 3929 quorum
673 3854 838 3914 carmen,
855 3830 923 3902 nisi
947 3855 1066 3928 quum
1086 3831 1221 3902 tibicen
1242 3856 1367 3903 acces·

280 3961 400 4041 sisset,
418 3953 692 4050 intelligeretur.
715 3953 814 4043 Quid
838 3955 986 4040 cornici,
1012 3961 1076 4052 qui
1097 3957 1255 4027 sermoni
1278 3981 1368 4054 pro·

318 4227 356 4288 tr)
376 4223 489 4282 Sisenna,
510 4219 625 4270 laudante
637 4219 747 4279 Rufino.
762 4221 801 4270 ed.
812 4221 914 4270 Putseh.
925 4238 982 4286 pag.
995 4237 1071 4282 ²7¹1·
