2874 4996
291 459 339 542 do
575 456 619 544 Q.
646 456 858 526 HORATII
882 459 1062 528 FLACCI

389 591 517 683 Tollat;
532 593 589 664 hic
602 617 742 688 magnos
756 595 869 688 potius'
882 595 1088 689 triumphos,

389 712 454 781 Hic
467 735 558 782 ames
571 711 638 783 dici
651 715 753 782 Pater
765 728 866 808 etque
879 713 1059 807 Princeps3

389 829 465 900 Neu
478 831 568 902 siuas
579 829 699 901 Medos
713 831 865 925 equitare
877 829 1020 919 inultos,

582 951 630 1018 Te
644 948 745 1039 duce,
759 951 884 1018 Caesara

291 1129 389 1182 Romuli
399 1131 445 1182 hoo
457 1130 556 1183 nomine
565 1130 630 1184 inter
640 1131 704 1184 Deos
716 1128 795 1183 relati.
834 1130 896 1183 vid.
905 1129 961 1183 Dio.
975 1141 1019 1194 tta,
1031 1141 1061 1184 tt
1072 1147 1080 1196 ;
1092 1128 1175 1183 Tacit.
1186 1127 1279 1182 Annal.
1291 1129 1315 1191 1,
1330 1142 1341 1180 t

290 1243 326 1253 —
338 1215 474 1286 iniquum,
492 1214 599 1279 iratum,
615 1216 748 1268 offensum.
762 1243 798 1254 —
833 1216 865 1268 de
876 1211 1002 1281 Angusto:
1016 1212 1239 1284 oheoepitonnota
1249 1213 1345 1266 disoor-
1433 1207 1434 1210 '

291 1296 445 1348 Oer'orauru
453 1298 537 1358 tollat,
554 1314 587 1350 ne
596 1297 663 1350 ooius
675 1314 735 1350 aura
749 1298 797 1351 tol-
833 1299 882 1352 diis
894 1300 959 1352 fessa
969 1299 1084 1352 oirilihns
1101 1299 1147 1352 sub
1158 1299 1259 1352 nomine
1269 1298 1345 1366 prin·
1433 1331 1434 1342 1

290 1382 358 1433 laris.
374 1381 798 1435 Memrriumelatumhiooomme-
833 1381 904 1451 cipis.
918 1403 932 1430 o
947 1410 984 1421 -
999 1382 1060 1434 Neu
1076 1382 1148 1434 sr'rroa
1167 1379 1270 1440 Medos,
1293 1389 1343 1432 eto.
1433 1411 1434 1424 r

291 1466 382 1518 morari
392 1482 465 1518 nemo
475 1483 524 1518 non
535 1465 664 1531 intelliget.
792 1475 797 1484 '
833 1465 906 1519 Patet
922 1483 937 1518 e
952 1465 1032 1520 Dione
1045 1478 1089 1530 aa,
1102 1464 1286 1532 etAuprstnm
1297 1465 1347 1517 hoo

326 1560 371 1603 aa.
385 1549 451 1608 Hie,
470 1549 496 1602 in
514 1558 594 1612 terra,
609 1549 635 1601 in
645 1549 798 1618 populollo-
835 1560 945 1620 tempore
960 1551 1143 1619 expeditionem
1155 1551 1269 1610 mmmm
1279 1549 1347 1602 Par—

291 1651 372 1688 meno.
387 1663 424 1672 —
437 1633 527 1694 Pater,
545 1642 615 1702 pater
631 1633 734 1702 patria,
750 1634 799 1686 ho-
835 1634 890 1688 thos
906 1635 1019 1690 molitum
1038 1653 1107 1699 esse,
1124 1635 1157 1688 ad
1172 1634 1239 1708 qnod
1250 1635 1345 1687 bellum

290 1720 391 1773 noriliea
408 1717 609 1788 appellatioque
628 1727 712 1786 postea
722 1716 755 1770 U.
766 1715 801 1770 C.·
835 1717 1346 1787 suscipiendnmhortaturpoeta.—Me-
1434 1755 1435 1784 z

290 1801 405 1855 occult
414 1799 524 1868 Augusto
534 1800 630 1870 publioe
640 1800 737 1852 decreta
749 1811 795 1853 est.
834 1797 889 1859 dos,
903 1799 1114 1869 properatum
1124 1799 1347 1869 snpraPersoe.—
1434 1845 1435 1856 ,

290 1886 473 1958 -Princeps,
486 1888 521 1938 ita
535 1885 799 1948 dicebatur,llomano
834 1883 937 1943 multos,
949 1883 1266 1955 impunitos.—equr'tara‚
1277 1884 1306 1935 h.
1318 1902 1344 1936 e.

289 1988 380 2035 senen,
392 1972 436 2041 qni
447 1971 480 2022 ob
492 1968 588 2036 egregia
600 1983 656 2034 erga
666 1967 731 2020 cives
743 1986 798 2020 me·
834 1968 967 2037 equitando
977 1967 1048 2021 nobis
1059 1967 1193 2032 insultare,
1202 1978 1228 2020 et
1238 1985 1283 2040 per
1292 1978 1347 2021 ter-

291 2055 390 2120 rita,et
400 2070 521 2107 summam
529 2051 561 2105 de
571 2049 711 2119 reipublioe
720 2051 799 2103 salute
834 2051 1243 2106 resnostrasferooiterinourrere.
1255 2051 1349 2110 Parthi
1434 2043 1435 2046 ¹

289 2128 799 2207 orramprimumotviutistoeum'obrine·
834 2135 944 2205 equitatu
956 2133 1281 2205 praestabant—Teduoe,
1295 2137 1347 2191 tuis

290 2226 341 2276 hat.
352 2222 515 2284 lloonomen,
528 2219 630 2271 minime
640 2215 804 2282 invidiosum,
835 2217 966 2286 auspiciis,
984 2216 1051 2270 bello
1068 2217 1101 2269 iis
1121 2225 1164 2269 tno
1181 2217 1259 2273 ductu
1274 2217 1347 2271 infe·
1433 2217 1434 2220 ’

291 2299 798 2377 assumpsithugnstusUAEDCCXXVI.
835 2298 971 2366 rendo;rel
979 2299 1344 2370 potiusteimperinmtenente.
1435 2373 1436 2382 ἵ

328 2476 459 2529 Aranrsrs.
476 2475 647 2552 Declaratnrus
663 2483 752 2544 poeta,
767 2485 841 2545 atque
856 2480 1069 2532 oommendaturns
1079 2476 1217 2548 Augustum
1228 2492 1345 2551 tanquam

291 2584 364 2632 eum,
374 2565 419 2636 qui
435 2565 501 2618 solus
517 2582 557 2618 res
572 2564 680 2634 perditas
695 2563 835 2619 labefactati
847 2565 920 2619 bellis
930 2566 1044 2621 civilibus
1057 2569 1156 2638 imperii
1168 2579 1234 2622 esset
1243 2587 1346 2640 repara-

292 2661 377 2718 turus,
389 2668 521 2721 paoemque
530 2649 554 2702 ei
564 2659 590 2702 et
597 2650 701 2700 salutern
713 2649 869 2718 redditurus3
881 2652 1082 2721 splendidissima
1091 2671 1147 2708 eum
1158 2664 1184 2707 et
1192 2655 1346 2709 sanctissima

291 2740 442 2809 expiatoria,
460 2739 567 2796 Deorum
585 2739 612 2790 in
626 2737 751 2791 Romanos
766 2739 827 2796 iram
841 2724 977 2808 placantia,
990 2751 1016 2793 et
1031 2741 1096 2796 mala
1111 2743 1169 2795 inde
1181 2743 1207 2795 in
1220 2742 1345 2798 ciuitatem

291 2827 456 2880 redundatura
466 2823 572 2879 eruentis
582 2821 687 2889 imagine
697 2832 864 2892 representat.
877 2823 954 2894 ijus
962 2826 1078 2882 carminis
1087 2836 1114 2878 ut
1124 2827 1254 2881 artificium
1266 2829 1346 2882 ratio-

290 2930 340 2983 que
351 2912 423 2982 plane
439 2910 620 2978 intelligantur,
634 2909 744 2978 quedam
756 2908 931 2978 explicationes
946 2911 1121 2980 premittenda
1130 2923 1196 2966 sunt.
1208 2912 1282 2983 Apud
1291 2914 1345 2968 lto-

292 3016 391 3056 manoe,
403 3007 432 3052 ut
441 2996 506 3065 apud
516 3012 600 3049 omnes
609 2995 728 3064 populos„
737 3012 824 3064 parum
837 2995 963 3053 subtiliter
972 2997 1052 3054 adhao
1060 3000 1092 3050 de
1098 2999 1153 3052 Diis
1162 3009 1187 3052 et
1197 3001 1271 3054 rebus
1279 3001 1345 3072 phy-

291 3085 349 3142 sicis
358 3084 574 3154 philosophantes,
591 3098 621 3134 ea
639 3081 689 3132 luit
704 3081 789 3148 religio
799 3118 807 3144 ,
819 3091 848 3134 ut
859 3083 957 3152 quasvis
969 3101 1067 3153 magnas
1081 3085 1231 3138 calamitates
1244 3104 1259 3138 a
1272 3088 1345 3152 Diis,

291 3171 389 3225 sceleris
397 3169 532 3237 eujusdam,
539 3168 571 3220 ah
579 3166 639 3237 ipsis
649 3165 687 3218 rel
698 3167 854 3236 amajorihus
864 3170 964 3239 patrati,
971 3169 1112 3224 vindicandi
1119 3189 1200 3236 cansa,
1208 3190 1285 3242 poene
1291 3173 1346 3229 loeo

292 3257 387 3325 infligi,
397 3272 486 3326 easque
496 3254 596 3308 insolita
605 3253 688 3323 aliqua
698 3255 791 3322 objecta
803 3274 886 3310 rerum
895 3255 976 3326 specie
987 3257 1100 3325 portendi
1108 3278 1116 3325 ς
1129 3275 1156 3312 se
1164 3268 1257 3325 mrtem,
1270 3263 1345 3314 oertis

290 3343 453 3408 cerimoniis,
463 3359 477 3394 a
487 3351 582 3411 patrato
591 3340 681 3394 scetere
690 3343 803 3410 purgari,
814 3361 841 3396 ao
852 3345 887 3396 sio
900 3343 1007 3396 Deorum
1018 3343 1056 3396 ire
1066 3344 1174 3414 plaoeta,
1184 3339 1248 3398 mela
1257 3347 1344 3400 immi-

291 3433 377 3488 nentia
387 3437 498 3484 arertere
510 3445 589 3496 posse.
1264 3469 1267 3474 -
1300 3461 1302 3468 ·
1337 3461 1339 3468 ·

325 3521 415 3575 Statim
429 3517 506 3596 igitur
514 3525 569 3586 post
577 3515 682 3570 Caesaris
691 3534 775 3570 neoem
783 3557 793 3584 ,
802 3536 851 3589 qua
861 3528 975 3588 tanquam
985 3518 1081 3590 plaurlo
1089 3521 1228 3584 oommisso,
1239 3519 1345 3590 populus

290 3606 414 3659 ronanus
429 3605 535 3658 Deorum
548 3601 610 3653 iram
627 3602 653 3654 in
670 3619 697 3655 se
712 3612 882 3672 prorooarerat
892 3640 899 3665 ,
911 3604 1022 3674 prodigia
1037 3615 1204 3675 apparuerunt
1218 3622 1274 3676 que
1289 3623 1344 3658 earn

290 3695 473 3762 portenderent,
484 3708 588 3762 moxque
599 3690 664 3744 bella
674 3692 758 3744 oirilia
770 3693 879 3744 insemta
890 3702 958 3757 sunt,
968 3710 1022 3764 qne
1031 3691 1136 3752 Cesarir
1146 3711 1229 3748 neoem
1239 3694 1344 3749 uloisoe·

290 3787 384 3832 mnus.
395 3778 477 3845 Quum
486 3796 544 3833 vero
553 3777 593 3829 his
604 3777 665 3846 ipsis
678 3778 749 3830 bellis
761 3776 889 3841 uirilibus,
905 3778 953 3831 etsi
968 3779 1085 3832 immissis
1096 3781 1175 3834 aDiis
1189 3781 1215 3833 in
1230 3797 1343 3850 paenam,

291 3882 379 3919 norum
389 3867 466 3918 soelus
474 3867 579 3936 populns
584 3866 709 3920 Romam
717 3864 894 3929 emersisset,
905 3883 1003 3925 neumae
1011 3869 1097 3938 utique
1106 3878 1169 3934 erat,
1180 3877 1210 3922 ut
1217 3869 1292 3923 etiam
1301 3869 1344 3922 Dii

290 3968 364 4006 noras
375 3951 424 4003 iras
431 3953 595 4021 conciperent,
605 3947 744 4023 iterumque
753 3953 813 4003 adeo
824 3968 838 4003 a
850 3952 967 4006 Romanis
977 3971 1060 4022 poenas
1069 3965 1238 4024 exposuerent.
1246 3954 1343 4008 Noram

291 4043 354 4093 hano
363 4039 470 4091 Deorum
479 4038 539 4091 iram
546 4043 597 4107 jem
608 4061 670 4095 nora
680 4042 838 4113 prodiderant
847 4041 967 4109 prodigia,
977 4060 1093 4113 noveque
1101 4043 1222 4096 bellarum
1231 4044 1343 4098 cirillum

289 4127 439 4186 calamitates
446 4123 585 4198 reipublice
597 4128 771 4201 impendebant
782 4128 963 4201 pessundature
973 4146 1037 4197 eam,
1051 4130 1101 4185 nisi
1111 4129 1185 4191 oertia
1193 4129 1344 4186 cerimoniis
