2874 4996
726 449 901 516 METRA

647 709 982 795 PASIPHAE.

732 968 803 1028 Filia
816 969 884 1026 solis

680 1085 791 1140 AEstuut
804 1083 869 1158 igne
881 1102 978 1150 novo;

640 1179 676 1253 Et
687 1187 743 1272 ¹per
755 1209 837 1273 prata
850 1197 1006 1270 juvencum

601 1310 730 1366 Mentem
743 1307 856 1385 perdita
871 1307 1011 1382 quaeritat.

557 1423 625 1478 Non
638 1421 718 1478 illam
731 1420 851 1479 thalami
863 1421 963 1497 pudor
977 1432 1069 1504 amet,

371 1583 378 1597 .
498 1541 567 1597 Non
580 1539 683 1618 regalis
696 1540 809 1610 honos,
823 1558 876 1596 nee
889 1540 987 1616 magni
1001 1558 1072 1597 cura
1085 1541 1192 1596 mariti.

573 1703 575 1712 ,
663 1656 752 1732 Optat
764 1656 796 1730 iu
808 1653 933 1713 sormam
945 1653 1032 1712 bovis

663 1763 835 1822 convertier
848 1764 945 1822 vultus
958 1781 1043 1822 suos:
1086 1777 1089 1784 ·

644 1879 681 1934 Et
693 1877 834 1936 Proetidas
848 1878 917 1936 dicit
929 1877 1041 1950 beatas,

565 1991 656 2068 loque
668 1987 780 2058 laudat,
793 2009 855 2046 non
869 1989 950 2066 quod
963 1989 1017 2048 Isis
1030 1991 1087 2047 alta
1101 2002 1159 2058 est,

504 2099 561 2160 Sed
574 2099 654 2176 (pund
664 2099 795 2173 juvencae
807 2117 918 2156 cornua
931 2075 962 2155 in
976 2098 1073 2158 fronte
1086 2099 1177 2177 erigit.
1203 2093 1205 2098 ’

586 2215 735 2290 Siquando
749 2213 858 2274 miserae
872 2199 957 2291 obpia
970 2216 1112 2293 suppetit,

645 2325 772 2387 Brachiis
786 2329 876 2388 ambit
889 2328 951 2386 fera
964 2327 1040 2386 eolla
1055 2329 1146 2398 tauri,

587 2441 744 2516 Floresque
758 2457 864 2498 vernos
877 2441 1016 2502 cornibus
1030 2437 1135 2517 illigat,

644 2552 763 2626 Oraque
774 2549 897 2626 jungere
911 2550 1015 2626 quaerit
1029 2552 1083 2607 ori.

524 2663 655 2721 Audaces
668 2663 778 2719 animos
786 2647 921 2719 'effieiunt
934 2662 990 2718 tela
1004 2651 1163 2738 cupidinis:

707 2773 872 2850 Illicitisque
887 2777 994 2851 gaudet

378 2927 386 2943 .
487 2888 603 2962 Corpus
614 2887 725 2944 includi
738 2859 855 2944 stabulis
868 2906 897 2964 se
910 2886 1015 2944 faciens
1026 2889 1187 2959 juvencam.
1224 2869 1227 2875 ¹

342 2987 386 3074 19ss
626 2997 663 3054 Et
676 2998 782 3056 amoris
795 2997 960 3074 pudibundi
973 2998 1142 3056 malesuadis

341 3127 387 3165 20.
430 3107 607 3184 Obsequitur
621 3111 709 3180 votis,
724 3121 751 3166 et
760 3093 914 3186 procreat,
929 3111 988 3168 heu
1001 3110 1095 3167 nefas!
1109 3110 1308 3170 bimembrem.

258 3287 261 3298 Ι
341 3237 388 3276 21.
491 3220 787 3296 Cecropidesjuvenis
801 3241 888 3298 quern
901 3223 1026 3299 perculit
1039 3221 1161 3278 fractum
1176 3241 1279 3293 manu,

342 3347 389 3385 22.
530 3331 593 3389 Filo
607 3333 754 3390 resolvens.
767 3335 895 3391 Gnossiae
910 3333 998 3389 tristia
1013 3343 1085 3390 tecta
1099 3334 1211 3389 domus.
