2874 4996
244 470 294 602 vj'
638 507 930 578 nuenario.

155 673 157 680 v
244 644 404 738 jacturas
415 641 596 741 elegantes
610 642 779 740 quidem,
797 643 952 717 sednon
968 645 1054 716 satis
1067 648 1325 744 manuscriptis

249 765 524 866 comprobatas,
550 769 713 865 recipere
739 769 887 866 placuit.
907 770 999 839 Nam
1021 770 1224 866 pericnlum
1250 786 1324 860 est,
1434 837 1435 842 ,

247 914 316 979 ne,
335 890 429 962 ‘dum
447 904 566 961 metro
594 891 754 962 strictius
773 905 810 962 et
831 889 1049 962 adamussim
1066 892 1196 988 magis,
1211 917 1323 990 quam

246 1016 323 1112 ipse
341 1013 476 1103 voluit,
499 1010 734 1085 reformando
758 1011 938 1100 consulis,
966 1027 1056 1100 tua,
1084 1038 1160 1084 non
1187 1015 1323 1103 Plauti,

248 1153 455 1211 commenta
473 1137 644 1236 praebeas.
671 1213 674 1217 ,
872 1225 874 1228 ¹
1330 1123 1333 1128 ’

243 1309 246 1316 ·
294 1262 365 1336 Sed
392 1261 437 1334 ab
465 1261 722 1360 orthographia
751 1257 956 1332 editoribus
985 1258 1104 1331 adhuc
1126 1276 1323 1358 usurpata,
1369 1287 1371 1292 ’

246 1407 328 1480 quae
345 1382 511 1482 profecto
524 1384 686 1456 Plautina
701 1396 804 1454 aetate
818 1386 1000 1480 posterior
1013 1397 1084 1471 est,
1104 1383 1323 1457 deflectendi

250 1508 395 1580 licentia
406 1509 513 1580 nobis
527 1491 689 1606 sumpta,
705 1508 887 1606 pudenter
900 1522 1042 1595 tamen3
1057 1511 1109 1579 ita
1122 1523 1163 1578 ut
1180 1511 1324 1606 antiqui

248 1631 376 1702 coloris
399 1631 536 1730 aliquid
564 1647 808 1730 compareret,
823 1657 953 1734 ‚neque
979 1633 1086 1702 nimis
1113 1631 1322 1722 horridum,

250 1735 357 1826 nimis
381 1753 586 1826 obsoletum
612 1757 817 1852 scriptionis
843 1779 958 1852 genus
984 1755 1117 1851 legenti
1145 1753 1321 1828 officeret
1344 1727 1359 1740 ”

246 1878 446 1976 Consilium
466 1876 636 1973 equidem
664 1875 801 1966 suerat,
826 1891 1021 1974 antequam
1045 1877 1149 1976 operi
1171 1884 1323 1948 man'um

245 1999 539 2089 admove-remus,
562 2000 732 2090 sormam,
758 2002 874 2099 qualis
896 2017 975 2072 tum
995 2001 1216 2089 habebatur,
1235 2005 1323 2075 scri-

244 2121 357 2194 bendi
368 2122 496 2194 sedulo
509 2122 656 2213 referre,
670 2125 773 2219 cujus
785 2126 958 2196 eximium
969 2126 1177 2222 exemplum
1191 2138 1326 2222 praesto

245 2262 299 2319 est
323 2246 369 2318 de
387 2248 676 2321 'Bacchanalibus
706 2248 1063 2320 senatusconsultum
1092 2274 1190 2318 anno
1213 2253 1258 2318 U.
1282 2255 1323 2322 C.

248 2369 335 2457 566,
362 2377 398 2442 et
420 2371 515 2467 leges
536 2373 736 2468 praecipuas
761 2373 983 2468 grammatici
1005 2386 1145 2465 veteres
1167 2369 1322 2458 docent3

247 2494 383 2564 nullam
400 2486 663 2565 consonantem
681 2497 856 2591 geminari
867 2496 938 2592 (1),
954 2520 1024 2593 pro
1039 2501 1052 2564 i
1065 2512 1230 2591 porrecta
1245 2493 1327 2568 fere

247 2616 386 2713 ubique
408 2619 498 2714 poni
516 2624 568 2705 ei,
595 2615 701 2711 adjici
726 2618 966 2717 dplerisque·
982 2618 1101 2689 verbis
1124 2618 1234 2717 longa
1259 2643 1322 2689 vo-

249 2741 314 2811 cali
344 2729 610 2828 desidentibus,
638 2756 829 2839 oportere,
850 2757 918 2814 etc.
946 2757 1013 2812 etc.
1034 2745 1170 2813 Verum
1201 2747 1326 2841 primo

247 2866 445 2936 tentamine
459 2864 655 2946 didicimus
670 2866 742 2944 hoc
760 2865 840 2936 fieri
860 2891 935 2937 non
956 2889 1083 2964 posse,
1100 2867 1190 2964 quin
1205 2866 1323 2937 latini·

247 3002 301 3059 tas
323 2988 382 3066 illa
399 2992 459 3058 vix
477 2989 589 3060 latina
610 3006 645 3061 et
664 3015 766 3088 paene
784 2989 938 3060 barbara
958 3015 1033 3060 non
1056 2992 1206 3061 assuetis
1224 2991 1325 3062 vide·

248 3101 368 3196 retur,
399 3126 508 3208 atque
542 3115 591 3184 sic
620 3112 727 3182 taedio
759 3128 854 3184 esset
878 3113 1022 3210 legendi
1057 3113 1173 3183 Plauti
1202 3110 1323 3202 labor,

247 3258 356 3331 quem
379 3249 592 3332 promptum
614 3237 745 3332 cuique
768 3253 804 3308 et
826 3234 968 3308 facilem
990 3235 1143 3328 reddere
1162 3261 1324 3308 summo-

249 3375 335 3455 pere
358 3359 574 3430 studuimus.
664 3396 668 3412 ι

296 3485 389 3580 Ergo
408 3508 518 3580 quarn
537 3485 703 3580 proxime
721 3507 741 3554 a
754 3508 841 3554 vero
856 3497 980 3579 nostra
993 3485 1171 3580 scriptura
1186 3480 1323 3573 aberit,

247 3607 413 3689 servatis,
433 3619 618 3704 quantum·
633 3607 807 3677 orationis
829 3610 922 3676 sinet
941 3605 1166 3698 intellectus,
1185 3618 1326 3700 etymo·

248 3751 332 3805 rum·
351 3729 537 3801 elementis
556 3745 593 3801 et
618 3732 740 3801 nativo
761 3729 957 3801 verborum
979 3729 1137 3800 themate
1148 3730 1219 3826 (a),
1238 3731 1325 3826 pin·

286 4001 324 4066 (ι)
342 3999 429 4050 Festus
441 4017 502 4050 voce
513 4003 588 4053 Aula.

250 4100 255 4104 .
288 4126 324 4189 (a)
343 4125 450 4173 Lucilius
464 4125 533 4190 quod
545 4127 602 4174 soni
617 4091 871 4190 emolliricoeperant‚
893 4127 974 4176 forsan
984 4113 1148 4191 querebatur,
1167 4127 1216 4174 hoc
1231 4141 1329 4179 versu:

251 4246 264 4266 ν
274 4223 387 4272 Pollicere
401 4224 495 4272 malunt
509 4240 580 4288 quam
595 4224 712 4288 perlicere
720 4245 740 4272 na
757 4204 940 4292 Confggr'arnm.
952 4234 1000 4274 vet.
1015 4205 1167 4272 etlumen.
1178 4240 1204 4288 p.
1219 4239 1304 4287 attaq⁸⁷
