2874 4996
87 460 1116 488 mmmmmmunmfflmmmmmmwummm

219 689 480 800 METRA
517 691 972 796 HORATIANA.

287 1175 570 1264 LECTORI
600 1175 907 1262 SALUTEM.

505 1421 693 1470 -....,.,

117 1641 252 1704 Amssos
263 1653 314 1703 tot
324 1639 434 1727 lyricae
447 1659 588 1727 poeseos
602 1653 753 1705 auctores
766 1639 876 1725 magni
887 1638 975 1704 inter
985 1640 1122 1707 Graecos

23 1753 24 1820 l
82 1748 226 1830 nominis,
242 1771 326 1813 unus
338 1747 437 1814 nobis
449 1747 603 1812 Horatius
616 1747 709 1827 facit,
717 1763 754 1814 ut
764 1748 870 1814 lenius
882 1748 1118 1816 desideremus.

83 1857 213 1924 Placurt
204 1874 309 1945 igitur
321 1857 460 1923 seculis
449 1857 575 1943 mgeni1
565 1855 676 1937 felix,
687 1858 833 1923 numeris
846 1857 1004 1923 curiosus.
1018 1862 1121 1924 Hora·

23 1985 24 2042 g
83 1968 156 2032 tiana
172 1985 270 2034 certe
288 1984 394 2034 metra
409 1966 589 2033 Diomedes
606 1982 640 2032 et
656 1969 774 2032 Marius
787 1966 989 2048 Victorinus,
1001 1984 1122 2057 praeter

82 2078 218 2144 Plocium
239 2093 277 2143 et
294 2078 428 2144 Atilium
444 2078 740 2159 Fortunatianum,
752 2100 793 2144 ex
811 2076 960 2166 professo
980 2077 1122 2166 posteris

83 2190 230 2275 explicata
258 2187 477 2276 reliquerunt.
506 2188 683 2276 specimen
707 2185 902 2253 eorumdem
925 2186 960 2251 in
984 2185 1123 2252 brevem

84 2296 225 2363 tabellam
244 2299 437 2384 conjectum
455 2297 643 2362 continenti
661 2298 806 2362 carmine
825 2297 1018 2376 Petronius,
1037 2297 1124 2385 quis-

84 2409 142 2490 quis
157 2409 263 2474 isfuit
279 2407 375 2495 (nam
392 2409 472 2474 alios
487 2408 635 2493 ejusdem
649 2407 794 2475 nominis
808 2408 869 2472 alia
880 2423 955 2472 aetas
968 2409 1074 2497 tulit),
1088 2409 1123 2473 in

83 2517 183 2604 vulgus
202 2517 323 2584 edidit.
344 2518 396 2583 Ad
411 2517 498 2584 istud
516 2519 704 2606 exemplum
723 2517 871 2603 magistri
889 2517 965 2580 artis
985 2519 1123 2606 poeticae

83 2627 234 2694 studiosos
247 2630 376 2694 tirones
389 2628 431 2696 ad
439 2630 642 2718 multijugarn
651 2628 730 2720 lyrae
740 2628 849 2694 latinae
863 2626 1124 2696 modulationem

23 2729 24 2744 ³
83 2759 227 2806 exercere
244 2755 419 2828 poterunt.
440 2743 489 2803 lta
502 2739 601 2803 velim
614 2739 680 2807 boc
693 2737 846 2826 accipias,
860 2753 894 2802 et
906 2739 1039 2816 tuearis,
1053 2761 1124 2805 non

23 2895 24 2898 κ
84 2861 224 2938 tanquam
247 2849 384 2937 aliquod
404 2872 559 2936 magnum
581 2864 636 2913 aut
653 2871 799 2928 novum,
820 2847 880 2912 sed
899 2864 936 2912 ut
952 2848 1125 2936 indignum

23 2971 24 3006 ι
83 2960 161 3042 quod
178 2961 213 3026 in
233 2959 489 3026 desuetudinem
504 2960 616 3038 abeat,
632 2982 734 3048 quum
754 2959 789 3022 iu
809 2981 844 3023 sc
866 2972 994 3024 tantum
1005 2957 1126 3039 habeat

83 3071 276 3160 compendii.
287 3073 390 3136 Tuum
401 3071 464 3135 erit
473 3093 537 3160 pro
546 3068 707 3158 Pasiphae
718 3068 929 3147 substituere,
944 3061 1124 3156 Daphnen,

83 3175 270 3261 Phaetonta,
285 3179 460 3258 Cadmum,
476 3179 530 3243 vel
544 3179 643 3243 alium
656 3179 837 3268 quemlibet
853 3178 1122 3264 describendum.

23 3301 24 3312 ¹
85 3288 240 3370 Quantum
261 3287 447 3374 argumenti
467 3287 539 3354 reri
560 3301 616 3350 aut
633 3285 774 3372 fabulosi
794 3288 934 3367 eminet,
954 3290 1126 3358 materiam

84 3398 314 3486 suppeditabit,
335 3397 438 3464 modo
457 3420 500 3463 ne
521 3396 607 3461 desit
626 3397 772 3463 afflatus:
793 3397 882 3464 ultro
902 3399 1009 3486 rapiet
1029 3398 1072 3463 ad
1090 3422 1134 3465 se-

85 3524 270 3586 generosam
288 3506 423 3572 urbanae
438 3505 620 3591 juventutis
639 3504 805 3588 indolem,
824 3508 860 3573 ni
880 3507 991 3589 fallor,
1010 3509 1128 3576 artifex

86 3615 201 3700 pagina,
214 3639 285 3705 quo
299 3617 420 3682 rectius
435 3616 477 3682 ad
491 3614 738 3705 dithyrembum
753 3616 970 3685 contendant.
986 3618 1078 3686 Vale.
