2874 4996
501 514 791 626 canatum.
1139 513 1186 606 vij

112 647 266 748 guedine
295 672 470 722 sonorum
490 647 570 746 (ι),
602 648 787 721 literarum
813 648 1062 747 simplicitate,
1087 649 1187 721 deni-

112 797 184 869 que
210 770 394 868 quidquid
416 772 689 870 antiquitatem,
714 771 827 844 modo
846 798 921 844 non
944 773 1187 862 rancidulam,

111 896 224 994 sapiet
240 893 306 990 (a).
359 929 365 942 =

155 1017 296 1106 Habes,
319 1017 434 1088 lector
456 1015 653 1107 benevole,
672 1034 805 1091 nostrae
820 1043 915 1090 curae
929 1033 1185 1118 prospectum,

110 1165 220 1238 quam
245 1155 383 1213 rectam
413 1137 525 1212 luisse
548 1154 585 1212 et
609 1139 655 1210 ad
685 1138 828 1212 felicem
857 1138 1027 1216 effectum
1049 1141 1184 1239 perdu-

110 1279 204 1334 ctam
221 1263 424 1350 existimes,
446 1277 535 1360 opto
554 1264 687 1360 magis,
710 1287 821 1361 quam
838 1286 982 1360 sperare
999 1262 1126 1335 audeo.

832 1397 861 1462 J.
880 1395 1081 1467 NAUDET.

146 1573 186 1638 (ι)
207 1574 405 1623 ·adn01andum
422 1583 459 1622 est
474 1573 602 1638 antiquum
615 1589 751 1636 sermonem
769 1573 887 1638 plenioris
902 1591 977 1622 sonus
990 1575 1076 1644 luisse,
1092 1587 1131 1633 et,
1151 1587 1178 1622 ur

106 1671 142 1716 ait
153 1670 255 1728 Cicero,
268 1671 447 1718 rusticanum.
460 1671 544 1718 Velius
554 1671 593 1719 ed.
604 1672 704 1720 Puttcb.
720 1688 745 1736 p.
760 1671 839 1720 2216.

143 1784 251 1832 Lucilius
261 1783 386 1848 (laudante
396 1784 483 1843 Velio,
494 1784 533 1832 ed.
545 1785 644 1834 Putscb.
657 1801 713 1850 pag.
725 1784 803 1849 aaao)
817 1799 824 1833 t

249 1885 305 1930 Jnm
318 1884 402 1946 puerei
416 1899 516 1942 venere,
530 1898 544 1929 e
556 1892 706 1946 postremum
719 1881 793 1930 facito
805 1893 877 1946 atque
892 1884 912 1940 ι’,

249 1980 285 2026 Ut
297 1978 380 2042 plnres
393 1979 500 2036 faciant3
513 1977 617 2042 isilaci'
629 1979 722 2036 solum,
809 2013 812 2024 .

249 2073 341 2138 Popilli
352 2075 423 2139 pueri
435 2090 441 2123 ι
462 2074 509 2122 boc
524 2077 593 2123 nniu‘
609 2073 659 2124 fiet.

143 2186 214 2234 Idem
225 2187 309 2235 scribit
315 2187 409 2252 peilam
418 2205 445 2252 p.
454 2187 540 2253 pilum.

251 2295 334 2344 Addes
346 2311 360 2344 e
372 2296 449 2361 pella,
458 2307 486 2344 nt
498 2295 589 2362 pleniu'
597 2293 647 2343 fiat.

143 2403 175 2448 Et
189 2402 247 2451 alibi
261 2419 268 2451 :

250 2511 278 2549 ut
287 2500 399 2566 pingnin'
410 2498 462 2549 fiat.

133 2623 182 2689 Ι(α)
194 2629 243 2673 «In
255 2629 327 2674 tertia
339 2625 513 2684 declinatione,
523 2623 652 2690 singularis
664 2639 779 2672 numerus
790 2639 834 2688 per
848 2639 921 2672 unam
933 2625 943 2672 i
949 2624 1044 2673 literam
1056 2625 1178 2684 scribitur,

103 2731 133 2767 ut
144 2720 245 2779 docilis,
253 2721 353 2786 facilis,
369 2721 469 2787 pluralis
481 2738 548 2786 pere
559 2733 585 2770 et
598 2721 620 2780 i,
632 2717 785 2786 ursaciler's,
799 2719 913 2777 docitem
927 2731 954 2768 nt
963 2737 994 2768 ex
1003 2722 1053 2769 boc
1065 2737 1179 2787 appareat

103 2819 264 2884 singularisne
275 2823 308 2870 sit
318 2820 464 2887 appellatio,
480 2837 513 2868 an
527 2820 628 2884 pluralis
639 2842 659 2867 n.
680 2821 785 2866 Scaurus
799 2817 838 2866 ed.
850 2818 950 2866 Putscb.
964 2835 1021 2883 pag.
1034 2819 1113 2870 2264.

141 2908 221 2965 Simili
234 2919 265 2966 de
281 2936 351 2966 causa
364 2919 427 2978 illie,
440 2917 495 2966 istic
504 2917 647 2978 scribimus,
660 2918 756 2980 quoties
765 2931 834 2978 aeque
844 2915 925 2962 velent
937 2926 1010 2980 atque
1020 2915 1074 2970 ille,
1093 2918 1143 2978 iste,
1157 2929 1182 2964 et

102 3014 176 3073 licie,
200 3015 278 3074 illem,
305 3016 369 3074 illei,
383 3015 449 3072 istei,
463 3031 538 3079 quum
557 3013 728 3063 adverbialiter
746 2993 910 3076 proferuntur.

141 3112 226 3174 Quum
249 3111 347 3162 literam
365 3129 381 3160 u
398 3121 572 3160 consonantem
586 3122 628 3159 aut
642 3110 752 3159 vocalem
771 3108 927 3173 aequitum,
946 3110 1009 3157 banc
1024 3111 1049 3158 in
1067 3127 1082 3156 o
1102 3122 1183 3158 nantas

104 3227 173 3268 mus,
192 3227 231 3257 ex.
251 3227 289 3274 gr.
306 3226 407 3274 equos,
426 3224 518 3264 servos,
540 3209 653 3265 solvont,
676 3222 703 3270 p.
725 3221 826 3269 aequus,
849 3220 950 3264 servus,
974 3203 1088 3264 solvunt,
1111 3220 1179 3252 more

103 3319 229 3364 veterum,
249 3316 365 3372 praeterea
386 3314 501 3353 mouente
520 3303 618 3351 Donato
638 3303 670 3348 ita
692 3300 867 3362 scribendum,
880 3301 1017 3364 «quoniam
1030 3300 1095 3348 nulla
1109 3299 1179 3348 litera

103 3405 198 3453 vocalis
216 3407 336 3469 geminata
353 3419 427 3450 unam
447 3399 567 3466 syllabam
585 3399 688 3448 iaciat».

144 3561 235 3618 Nota.
247 3562 280 3614 In
295 3555 395 3614 limine
410 3554 497 3632 hujus
510 3552 684 3626 voluminis,
701 3551 787 3610 vitam
801 3550 912 3621 Plauti,
927 3561 956 3607 et
967 3547 1131 3607 testimonia
1144 3548 1181 3606 de

103 3665 182 3746 illius
203 3661 357 3742 operibus,
381 3673 411 3717 et
431 3679 496 3738 quae
517 3657 649 3716 nonnulli
668 3656 749 3714 docti
770 3655 826 3713 viri
849 3639 1029 3712 editionibus
1052 3653 1182 3730 ejusdam

102 3768 218 3849 praefati
232 3781 316 3840 sunt,
333 3780 495 3844 caeteraque
510 3751 696 3843 hujusmodi,
710 3783 775 3841 quae
791 3762 828 3821 ad
842 3776 1011 3840 aperturam
1025 3760 1092 3819 libri
1106 3763 1181 3819 soles

102 3874 248 3946 invenire,
269 3875 374 3945 lector,
389 3873 523 3949 prolecto
540 3891 619 3929 nunc
634 3869 774 3948 requiris3
788 3889 914 3946 quorum
929 3867 1129 3926 collectionem
1144 3869 1180 3926 ad

101 3995 281 4059 postremum
295 3979 434 4038 editionis
446 3980 597 4049 volumen,
611 3995 670 4054 quo
683 3975 799 4052 plenior
809 3993 904 4053 neque
917 3957 983 4052 plus
994 3973 1073 4051 justo
1087 3985 1181 4032 tamen

101 4087 196 4158 fieret,
210 4083 417 4144 reservandam
434 4083 609 4144 censuimus.

427 4245 850 4276 νώ·
