2874 4996
426 447 518 518 mn.
544 449 578 536 1,
603 450 753 524 canu.
779 453 806 522 1.
1093 461 1139 534 33

200 581 262 654 Dis
275 585 419 654 miscent
430 570 575 681 superis3
589 613 644 658 me
656 589 803 686 gelidum
816 617 950 685 nemus,
1104 602 1141 658 30

194 702 491 799 Nympharumque
506 703 594 776 leves
608 733 685 778 cum
698 711 824 805 Satyris
837 712 932 783 chori

192 823 376 892 secernunt
389 821 533 919 populo;
548 827 578 894 si
592 852 701 923 neque
714 829 813 900 tibias
999 807 1003 826 Ι

192 939 336 1032 Euterpe
351 939 504 1031 cohibet,
519 966 582 1011 nec
598 942 818 1040 Polyhymnia

190 1054 357 1125 Lesboum
371 1057 496 1154 refugit
510 1059 648 1130 tendere
662 1063 831 1136 barbiton.

190 1169 330 1258 Quodsi
344 1198 398 1244 me
411 1171 523 1270 lyricis
537 1178 668 1248 vatibus
680 1180 817 1276 inseris,

186 1286 332 1362 Sublimi
346 1290 465 1362 ferians
480 1291 591 1364 sidera
604 1295 739 1370 vertice.

88 1517 322 1578 administratorem.
336 1557 371 1567 -
386 1526 485 1589 edem,
502 1531 596 1586 Baccho
631 1537 870 1605 turumproliteabsr,
880 1529 1065 1605 siblacenatis,
1077 1557 1140 1610 pra-

89 1607 594 1685 sacrae,'asqueaclaurus;poetarum,pras·
631 1618 706 1670 stanti
719 1613 836 1686 suffragio
853 1615 921 1672 inter
934 1622 1021 1691 lyricos
1033 1623 1136 1678 Gracia

88 1684 256 1760 cipueBaochi
267 1693 351 1747 laudes
360 1699 516 1762 canentium,
529 1711 594 1769 prae-
630 1702 898 1770 poetasaduumsretur.
907 1697 979 1757 Hunc
986 1705 1080 1760 felicem
1087 1725 1142 1760 car-

89 1773 249 1848 minuatque
260 1773 368 1846 insigne:
380 1775 514 1835 «Pastores
523 1785 596 1838 edera
630 1779 706 1834 minis
729 1775 823 1836 snitum
834 1778 963 1839 Voltarius
979 1799 1061 1842 uester
1080 1809 1139 1860 pro·

89 1873 235 1914 crescentem
254 1867 341 1916 oma'te
361 1871 473 1934 poetam,
488 1888 501 1916 u
519 1861 593 1934 Virg.
631 1867 745 1935 barcrat,
765 1886 842 1938 quum
854 1885 885 1919 ex
897 1869 979 1922 aniam
990 1871 1021 1922 ad
1033 1871 1138 1925 amicum

89 1946 140 1998 Ed.
152 1947 221 2010 vn,
234 1958 277 2001 at.
289 1976 325 1987 -
333 1946 478 2003 Secemunt
482 1954 579 2022 populo
584 1989 593 2013 ,
628 1950 881 2016 judiccmsnnottat
892 1952 1026 2004 scriberet:
1038 1955 1133 2022 «Quod

89 2033 164 2100 possis
177 2031 309 2100 explicare:
320 2033 476 2101 ‘sejungsmta
489 2047 595 2090 consue.
630 2032 810 2102 simeuugt'cis
818 2035 914 2086 ratibus
922 2035 1023 2102 inseris,
1031 2037 1137 2090 Sublimi
1237 2067 1239 2072 ·

91 2117 173 2168 tudine
182 2127 210 2170 et
218 2117 341 2170 consortio
356 2118 494 2184 hominum,
511 2132 538 2174 et
554 2139 594 2175 me
630 2116 717 2168 leriam
740 2117 820 2169 sidera
843 2118 968 2172 verlice.»
984 2120 1032 2172 Sed
1049 2122 1139 2176 deiude

90 2199 234 2263 solitudine,
246 2217 320 2270 quam
339 2211 423 2254 amant
439 2213 530 2272 poeta,
550 2223 592 2258 re.
628 2195 676 2252 lesi
689 2211 715 2252 et
729 2202 835 2255 mordaci
853 2204 950 2270 ingenio
961 2204 1037 2257 nimir
1054 2207 1140 2260 indul-

90 2285 309 2354 creaut3sedquum
315 2287 594 2357 memmatpopulohis
628 2295 687 2350 gens
703 2285 815 2337 cumdem
836 2287 897 2339 alibi
910 2287 1023 2341 deridere
1038 2293 1140 2345 tentarit

90 2371 184 2423 vocibus
190 2387 263 2440 supra
271 2370 320 2420 Dis
328 2370 435 2422 mussat
442 2373 542 2442 supersi
551 2389 593 2424 re-
629 2365 670 2418 bis
684 2369 779 2420 verbis:
793 2389 807 2418 s
819 2369 851 2424 Je
860 2388 892 2423 ue
901 2372 953 2424 vois
960 2389 1003 2440 pas
1016 2375 1074 2443 quel
1083 2377 1147 2428 met

89 2455 304 2523 spondeat‚malim
312 2454 446 2523 explicare:
456 2457 593 2509 mediatio·
631 2451 701 2502 «rite
710 2451 729 2502 il
741 2461 801 2520 peut
810 2472 826 2523 y
835 2455 903 2509 avoir
917 2456 995 2510 adire
1006 2459 1021 2509 l
1034 2475 1078 2511 sou
1087 2461 1137 2514 ami

89 2537 289 2608 gauntapopulo‚
300 2537 366 2592 ultra
376 2538 499 2606 vulgarem
508 2541 593 2594 homi·
630 2534 765 2616 «blesense
773 2575 781 2602 ‚
790 2555 838 2607 que
848 2539 890 2590 s'il
899 2551 938 2592 est
948 2542 996 2594 mis
1007 2559 1052 2611 par
1061 2545 1097 2598 lui
1106 2563 1138 2599 au

90 2637 146 2672 num
164 2631 254 2674 sonem
272 2637 312 2673 me
327 2621 456 2674 extollunt.
467 2625 539 2675 -si
547 2641 593 2693 pro
630 2621 763 2686 sraagdes
773 2623 1139 2699 poeteslyriques‚illrappera

88 2703 589 2778 dnmmcdomusaelareant.—-Euterpe,
628 2703 686 2756 «tes
706 2715 782 2757 astrea
798 2707 830 2760 de
846 2725 890 2760 son
910 2711 977 2763 front
994 2713 1109 2767 sublime.
1122 2737 1136 2765 s

88 2786 265 2856 Polyhymnia,
280 2806 324 2856 pro
335 2787 449 2841 omnibus
459 2789 546 2842 musis.
555 2819 592 2830 --
627 2787 690 2856 Quis
697 2791 764 2842 enim
777 2793 868 2845 veteris
875 2811 974 2862 poeseos
991 2805 1041 2849 tam
1051 2801 1136 2866 rudis,

93 2873 197 2932 cohibet,
210 2875 311 2936 retinet,
320 2871 593 2938 denegat-Lesboum
626 2875 670 2942 qui
680 2874 853 2944 ignoretquam
861 2877 1003 2947 frequenter
1011 2885 1138 2952 metapho-

90 2957 208 3017 barditon,
218 2959 318 3027 Lyram,
330 2955 448 3010 Lesboum
459 2959 549 3012 dictam
560 2961 592 3014 ab
628 2975 681 3010 ram
689 2958 752 3010 hanc
762 2969 838 3028 poetas
847 2964 1028 3031 usurpaverint,
1038 2975 1066 3018 ut
1074 2983 1138 3021 sum·

89 3042 165 3094 insula
174 3043 270 3105 Lesbo,
283 3040 360 3094 Atcaei
376 3052 402 3093 et
417 3041 529 3111 Sapphus
545 3063 591 3113 pa-
627 3059 694 3094 mum
712 3043 794 3110 glorias
811 3045 975 3112 significarent
993 3050 1136 3118 fastigium?

89 3127 147 3178 tria:
156 3125 265 3179 «Lesbio
271 3125 379 3195 primum
386 3126 508 3178 modulate
514 3128 589 3192 eirip»
628 3127 659 3187 ιίς
672 3127 769 3195 οὐρανὸν
782 3131 853 3200 ὔμμιν
866 3130 982 3202 ἀλῶμαι,
996 3135 1092 3198 (Gallu
1104 3137 1136 3190 Je

88 3209 135 3262 0d.
146 3223 189 3274 aa,
201 3211 261 3280 lluj.
273 3211 319 3264 lib.
329 3207 483 3271 -tcudem
494 3221 590 3280 tempe-
626 3214 732 3265 maurel
752 3230 784 3265 au
807 3214 855 3265 ciel
866 3253 873 3279 ‚
883 3237 896 3264 c
908 3219 918 3282 )
935 3219 972 3270 ait
989 3219 1135 3275 Theocritus

89 3312 155 3358 rare,
171 3295 293 3348 moderari
306 3293 367 3346 fides
382 3292 591 3345 barbiti-Su·
627 3295 801 3367 V‚ttt;«quo
808 3300 1132 3372 melamaleratsublimis‚»

88 3377 261 3450 bbhsiserrnm
276 3375 361 3429 erilem
373 3377 482 3436 omes,
497 3375 591 3429 delica—
626 3379 701 3450 Prop.
711 3383 761 3445 111,
771 3394 838 3449 t.a;
857 3384 941 3437 alluic
950 3395 978 3438 tu
990 3405 1065 3456 quum
1078 3389 1133 3457 pla·

89 3462 204 3514 tissimum
213 3450 275 3513 saue
284 3448 400 3512 laudandi
412 3475 501 3527 mnus,
512 3472 588 3529 quum
624 3480 678 3516 aeas
689 3473 715 3516 et
729 3465 819 3518 vertice
835 3465 916 3520 sidera
929 3478 1042 3535 ungas»
1055 3470 1128 3523 Ovid.

87 3565 112 3600 se
122 3557 192 3615 caput
200 3547 307 3598 sublime
316 3545 347 3597 ad
360 3545 440 3598 sidera
449 3544 589 3614 nsqueela·
624 3563 656 3598 cx
664 3548 694 3599 P.
706 3549 744 3613 ΙΙ,
755 3562 781 3613 a,
793 3562 836 3613 tr,
846 3549 878 3602 sd
887 3552 1011 3604 salanum.

120 3789 249 3843 Asturam
267 3788 386 3845 Carmina
396 3806 453 3853 sua,
466 3789 529 3841 forte
540 3790 601 3842 duos
612 3790 650 3842 rel
662 3799 711 3842 tres
720 3790 814 3859 priores
825 3789 902 3844 libros
911 3792 1039 3846 Maoenati
1051 3797 1130 3850 tradi-

88 3895 152 3936 turus
163 3893 244 3952 poeta,
256 3882 303 3934 hoc
312 3879 464 3948 prelationis
475 3879 527 3930 loco
537 3873 673 3947 praemisso,
689 3897 759 3931 suum
770 3899 869 3948 poeseos
881 3881 988 3934 studium
1001 3887 1115 3952 praedicat
1125 3927 1132 3950 ,

85 3987 156 4040 seque
165 3971 191 4021 in
201 3989 229 4022 eo
237 3969 287 4021 sibi
297 3967 405 4020 maxime
415 3966 509 4035 placere
517 3966 562 4030 ait,
571 3967 592 4017 si
600 3967 741 4020 Maecenatis
746 3967 839 4032 judicio
847 3969 971 4036 probetur.
981 3971 1128 4026 Primariam

86 4065 145 4114 banc
154 4061 268 4114 meminis
281 4058 443 4120 sententiam,
455 4075 499 4126 per
513 4074 540 4113 sc
552 4058 769 4126 simplicissimam,
779 4059 899 4128 momodo
911 4062 1060 4124 tractaverit,
1069 4063 1128 4130 qui-

86 4147 315 4222 buspaerirtutibus
325 4143 489 4209 exornaverit,
498 4144 550 4213 jam
561 4144 680 4214 expende.
690 4143 771 4198 Habet
778 4146 895 4217 quisquc,
907 4146 954 4210 ait,
965 4147 1031 4216 quod
1039 4163 1128 4217 seque

155 4259 209 4294 nos.
229 4260 246 4293 1.
773 4250 776 4255 ·
959 4235 980 4308 3
1018 4283 1020 4286 .
