2874 4996
247 429 272 500 a
675 384 887 502 nonam

294 572 390 658 Saepe
403 590 527 635 caesura
538 583 588 635 est
599 583 675 658 post
686 569 845 658 syllabam
856 570 995 638 brevem
1007 585 1130 637 sextam
1143 598 1151 635 ε

369 700 488 758 Daunia
501 701 625 760 delenda
636 709 648 780 ῃ
660 701 748 760 decus
760 703 901 760 (lemene
918 703 967 773 IV,
979 703 1008 774 6,
1022 719 1070 777 ²7·

250 823 433 913 presertim
448 821 484 887 in
495 823 553 903 IV,
566 824 585 886 2
599 837 632 888 et
644 823 678 902 t,
697 838 731 888 at
746 821 782 888 in
801 843 904 887 carm.
923 822 1033 888 saecul.
1056 821 1167 889 Semel
1184 837 1309 888 neutro

252 934 288 998 in
302 933 399 998 loco:
418 936 449 1013 l,
465 933 499 1012 2,
514 932 569 998 34.
591 932 701 998 Graeci
716 930 851 1020 qnidem
866 947 1006 998 utuntur
1025 931 1062 998 in
1081 930 1220 998 exordio
1234 954 1311 997 ver-

252 1057 393 1110 sustam
411 1041 547 1132 dipodia
563 1041 732 1111 trochaica
746 1063 831 1130 pura
845 1040 969 1131 (aa)
987 1065 1086 1131 praru
1104 1041 1240 1130 epitrito
1259 1063 1311 1106 se-

253 1148 365 1216 cundo
382 1181 488 1231 ---,
509 1150 567 1242 qui
589 1149 678 1217 solus
701 1149 839 1216 Horatio
860 1150 994 1239 placuit.
1017 1153 1127 1216 Porro
1152 1171 1310 1216 caesuram

254 1262 425 1342 observat,
435 1283 534 1350 quam
545 1261 656 1328 Graeci
665 1259 832 1347 ignorant.
840 1259 1052 1328 -lnterdnm
1062 1283 1178 1326 versus
1190 1259 1313 1350 hyper-

255 1385 363 1436 meter
375 1387 437 1451 est,
449 1371 472 1437 i.
488 1393 518 1437 e.
536 1370 650 1438 ultima
662 1372 732 1456 ejus
744 1369 869 1458 syllaba
881 1371 1046 1460 superflua
1057 1369 1193 1437 eliditur
1202 1370 1313 1438 vocali

258 1507 354 1574 aqua
368 1485 573 1574 subsequens
583 1483 702 1572 incipit
714 1503 828 1549 versus
839 1508 847 1549 ε
860 1485 952 1564 11,2,
968 1485 1096 1564 13;1v,
1109 1485 1144 1563 2,
1156 1481 1197 1548 22
1210 1483 1311 1549 etta.

303 1597 414 1662 Carm.
429 1617 503 1666 saec.
519 1596 574 1659 48.
678 1659 681 1666 ,
1040 1617 1042 1622 ’

300 1711 359 1773 Est
372 1708 408 1773 in
421 1721 529 1773 metro
541 1708 597 1772 Vl.

309 1863 360 1928 12.
379 1863 500 1928 Versus
508 1857 695 1950 *Sapphicua
709 1861 827 1946 major.
851 1860 968 1926 Oritur
982 1884 1023 1927 ex
1034 1882 1134 1928 versu
1144 1861 1319 1950 Sapphico

259 1967 463 2058 proecedcnti
479 1963 599 2032 ecdem
617 1964 719 2032 modo
736 1982 772 2032 ut
789 1966 1021 2058 asclepiadeus
1039 1973 1145 2057 major
1161 1969 1266 2057 (num.
1281 1973 1321 2059 9)

240 2102 304 2186 'ex
326 2076 542 2166 Asclepiaden
565 2077 689 2142 minori
708 2077 818 2164 (num.
837 2078 896 2164 8),
918 2077 1044 2144 inserto
1066 2079 1224 2145 nimirum
1243 2093 1321 2145 uno
1349 2083 1353 2092 '

262 2187 369 2256 adhuc
386 2184 593 2260 choriamba.

344 2337 431 2360 ..ν-η.
482 2348 501 2361 ..
521 2317 535 2391 u
556 2338 619 2360 υυ..
638 2317 653 2391 u
673 2333 759 2368 Ἶυυ..
813 2337 879 2370 ν-μ,

343 2412 425 2486 Saepe
438 2419 517 2470 tram
530 2408 618 2467 linem
629 2409 728 2484 jaculo
742 2409 848 2468 nobilis
861 2411 1005 2489 expedito.
1021 2413 1045 2484 Ι,
1058 2414 1086 2485 8,
1099 2431 1145 2472 ια.

301 2535 346 2601 'Si
364 2549 457 2600 recte
473 2557 492 2601 a
509 2535 559 2601 Cl.
575 2538 767 2602 Hermanno
779 2534 834 2601 hic
847 2557 962 2603 versus
974 2537 1064 2602 inter
1075 2536 1328 2604 choriambicos

265 2661 472 2739 numeratam,
489 2667 583 2735 aequo
595 2648 672 2732 jure
690 2645 874 2736 sapphicus
890 2647 1084 2736 precedens
1100 2647 1216 2714 locum'
1229 2647 1327 2715 inter

264 2756 341 2858 illos
351 2757 506 2823 obtinere
516 2781 614 2848 posse
625 2755 769 2825 viderer.

310 2867 368 2931 Est
381 2865 417 2932 in
430 2869 627 2954 monoldi..
742 2909 744 2912 -

597 3051 630 3122 d.
659 3057 790 3126 Versus
806 3051 991 3148 dacfflici.

315 3239 366 3305 13.
382 3243 502 3307 Versus
513 3237 696 3320 Adonicus,
707 3262 734 3306 s.
747 3213 928 3330 dactylicus
938 3239 1080 3328 dimeter
1091 3242 1281 3308 catalectus.

549 3464 669 3521 Terruit
683 3463 795 3523 arbem.

198 3669 202 3678 Ι
313 3590 373 3665 Est
386 3587 422 3652 in
435 3601 544 3651 metro
557 3587 611 3652 Vl.
727 3659 730 3664 Ι

316 3747 368 3810 ll.
389 3745 514 3811 Vereis.
531 3739 766 3815 Archilochius
791 3738 916 3829 minor,
937 3760 964 3805 a.
980 3739 1130 3806 trimeter
1147 3737 1334 3826 hypocata-

172 3906 176 3918 κ
269 3866 391 3942 lectus;
405 3887 432 3929 a.
448 3860 720 3952 penthemimeris
732 3849 967 3948 (πενθημωερὸς)
979 3857 1151 3947 dactylica.

430 4088 526 4146 Pulvis
541 4101 568 4146 et
582 4087 686 4147 umbra
701 4103 807 4143 sarnus.
822 4083 872 4156 lv,
881 4101 909 4160 7,
935 4076 966 4138 ὃ,
