2874 4996
487 521 787 594 PRAEFATIO.
1146 523 1181 617 iij

105 659 259 746 scilicet,
278 661 401 729 satisa
422 656 649 754 superbioris
669 659 811 730 critices
831 659 888 730 vel
907 659 1106 731 temerariae
1123 683 1185 732 ne·

104 782 284 879 gligentiaa
302 775 453 851 'fastidiis
471 778 695 852 vindicatum
716 782 934 854 Sarsinatem
956 779 1053 870 fore,
1072 783 1183 855 modo

104 905 149 976 ad
166 931 251 978 eum
267 903 379 979 facilis
397 902 532 1002 cuique
549 919 690 1002 pateret
707 929 881 978 accessus.

149 1036 229 1101 Jam
257 1027 373 1100 nobis¹
394 1029 464 1100 iter
490 1030 774 1126 praemunierant
805 1026 1036 1100 celeberrimi
1065 1029 1184 1128 philo·

86 1148 192 1249 'iogi,
221 1153 317 1221 inter
348 1175 443 1248 quos
479 1152 663 1249 principes
704 1155 867 1222 eminent
905 1152 1114 1222 Gronovius
1148 1167 1184 1224 et

104 1289 223 1362 atate,
245 1275 314 1350 nisi
338 1271 511 1344 doctrinas
537 1272 632 1345 fama
659 1275 780 1372 prior,
801 1287 943 1348 nostras
965 1273 1183 1362 Lambinus3

104 1423 227 1494 quem,
244 1412 288 1468 ut
298 1397 505 1469 eruditione
523 1389 872 1495 praestantissimum,
884 1398 934 1469 sic
951 1399 1086 1496 ingenii
1102 1423 1184 1472 acu·
1267 1463 1271 1472 .

104 1525 200 1596 mine
219 1519 412 1621 insignem,
431 1523 562 1594 merito
581 1509 798 1612 sane,et²eo
808 1521 982 1594 libentius
1000 1547 1093 1622 saepe
1109 1523 1183 1594 lau·

104 1643 290 1734 dabimus,
314 1643 418 1743 quod
439 1668 523 1716 eum
549 1645 658 1716 multi
680 1659 1033 1746 praemonstratorem
1058 1647 1123 1716 viae
1146 1661 1183 1718 et
1290 1693 1292 1700 ›

104 1764 257 1864 δᾳδοῦχον
280 1770 425 1866 sequuti
442 1783 543 1856 sunt,
557 1770 826 1840 innominatum
844 1783 976 1840 tamen.

149 1893 244 1976 Nos,
263 1895 293 1960 si
312 1888 403 1986 quid
420 1891 529 1988 longa
545 1915 629 1962 curn
647 1891 775 1963 Plauto
791 1893 1057 1964 consuetudine
1075 1891 1180 1965 intel-

3 2019 4 2066 ἶ
102 2011 256 2108 ligendis
280 2011 377 2084 illius
405 2013 626 2084 carminibus
652 2005 892 2112 profecimus,
914 2014 1002 2102 hoc,
1024 2029 1180 2112 quantu·

3 2133 4 2138 ’
101 2133 339 2230 lumcumque
360 2117 628 2223 sit,'tantorum
646 2139 809 2206 virorum
830 2138 943 2236 partis
963 2135 1096 2235 opibus
1117 2135 1179 2208 ad·

102 2252 276 2344 didimus,
303 2261 395 2343 sive,
422 2283 503 2354 quae
531 2260 801 2356 praeterierunt,
828 2259 990 2349 relectis,
1018 2262 1114 2350 sive,
1142 2263 1179 2331 in

3 2397 4 2414 ¹
102 2377 236 2473 quibus
250 2379 323 2450 labi
336 2381 405 2452 illis
425 2381 636 2454 humanitus
651 2381 840 2472 acciderit,
859 2383 974 2454 sicubi
992 2385 1180 2472 acciderit,

100 2515 224 2572 nostra
244 2500 473 2590 dubitatione
494 2506 649 2578 subdita.

150 2627 278 2721 Neque
293 2625 495 2699 dictionum
508 2630 620 2701 modo
637 2631 880 2717 exsecutioni,
903 2629 968 2702 sod
988 2633 1095 2703 etiam
1117 2657 1179 2704 ex·

101 2749 276 2842 positioni
293 2775 416 2821 rerum
433 2776 582 2849 operam
599 2752 809 2850 impendere
823 2753 965 2823 animus
982 2745 1071 2841 fuit3
1084 2754 1180 2850 ,quid
1289 2779 1293 2784 ·

101 2873 195 2940 mori
215 2872 344 2970 populi
369 2875 527 2944 auctoris
547 2877 736 2972 ingenium
758 2875 994 2964 concederet,
1014 2875 1105 2974 quid
1127 2878 1176 2948 la·

100 2997 218 3063 tinum
241 3019 358 3065 scenae
379 2996 571 3068 artificium
597 3023 617 3069 a
644 3013 806 3070 nostrate
833 2997 1016 3089 differret,
1043 2997 1180 3096 quibus

100 3113 271 3186 ludorum
298 3110 520 3208 editoribus,
545 3146 620 3217 quo
642 3122 866 3192 histrionum
896 3146 1028 3219 genere
1050 3121 1178 3194 chora·
1287 3215 1291 3221 .

4 3325 5 3332 ἵ
99 3239 234 3333 gioque
258 3237 489 3328 histrionico,
514 3267 587 3338 qua
607 3245 790 3340 proscenii
806 3259 1005 3336 structura,
1028 3270 1103 3343 quo
1122 3269 1179 3316 ca·
1253 3262 1257 3268 '

4 3435 5 3440 ἵ
99 3383 173 3430 veae
195 3384 368 3433 consessu
386 3364 533 3437 Plautus
552 3381 734 3456 uteretur}
756 3382 814 3456 ut,
835 3370 865 3438 si
885 3371 969 3467 quis
985 3369 1050 3438 has
1065 3393 1186 3440 anno«

4 3465 5 3550 ᾖ
101 3483 256 3554 tationes
276 3490 514 3581 percurrerit,
531 3491 714 3564 theatralis
733 3495 785 3564 rei
801 3492 902 3591 ‚apud
921 3499 1103 3565 Romanos
1123 3492 1178 3564 bi-

103 3606 252 3675 storiam
275 3605 496 3682 delibaverit.

150 3727 258 3815 Quod
275 3730 327 3802 ad.
340 3734 553 3831 scripturam
570 3739 714 3822 attinet,
736 3735 872 3807 fundus
890 3734 960 3806 fuit
978 3750 1100 3809 textus
1119 3765 1178 3811 re·
1231 3711 1235 3725 ¹

99 3852 273 3922 censendi
298 3853 411 3926 editio
438 3860 833 3930 Gronovio-Ernestina
871 3883 953 3930 cum
983 3864 1178 3961 Bipontina

99 3969 271 4046 Brunckii
294 3991 436 4050 etcum
453 3980 645 4070 Bothiana,
661 4006 808 4054 necnon
828 3983 963 4080 scripto
982 3984 1107 4056 codice
1124 3984 1181 4056 bi·

103 4096 295 4172 bliothecae
323 4106 411 4198 Reg.
436 4108 600 4176 Patisium
624 4105 901 4178 membranaceo
928 4106 971 4177 n⁰
995 4106 1088 4179 5568
1112 4110 1184 4180 col·

102 4222 181 4295 lata.
200 4228 333 4325 Neque
349 4223 666 4300 lucubrationibus
683 4229 944 4326 praeclarissimi
964 4235 1160 4301 Hermanni
1173 4288 1189 4318 ,

1008 4379 1044 4422 a.
