2874 4996
478 487 766 564 euersum.
1044 443 1049 468 ⁸
1116 459 1162 556 'v

108 624 193 721 piore
227 619 418 701 docuere?
456 644 534 698 non
572 619 690 700 solum
723 620 904 698 vooalium
940 619 1042 698 biatu
1078 646 1164 699 son-

107 746 316 826 eurrentium
342 743 445 822 elisio
477 741 519 816 fit
545 757 610 820 eut
638 767 715 817 nou
743 741 787 822 fit
814 768 883 842 pro
905 740 1056 823 arbitrio
1079 745 1163 824 scri·

107 866 228 956 beatis,
253 865 316 941 sed
345 867 451 941 etiam
472 889 542 964 per
565 865 760 964 ecthlipsis
778 867 855 963 (r),
879 869 1075 965 syneresis
1094 867 1166 966 (a).

106 990 252 1067 dieresin
261 988 333 1086 (3),
347 1003 384 1067 et
402 1003 570 1070 sexcenta
585 989 789 1068 istiusmodi
802 993 1042 1070 immutantur
1055 991 1166 1069 nube

106 1110 381 1210 pronuntiando,
400 1127 444 1184 ut
468 1128 645 1200 metrum,
668 1137 745 1184 non
771 1112 819 1190 ad
840 1113 1077 1211 scripturam,
1101 1113 1165 1190 sed

105 1235 142 1310 ad
156 1236 338 1334 vulgarem
356 1250 437 1308 tum
455 1233 633 1334 loquendi
649 1259 789 1314 morem
808 1237 903 1333 exigi
920 1234 1053 1314 debeat
1074 1238 1166 1334 :qui

104 1373 270 1454 quantum
287 1357 333 1432 eb
349 1357 413 1430 *itta
429 1354 612 1432 diuersum
630 1354 798 1447 ferretur,
811 1359 939 1431 Cicero
956 1357 1166 1456 exemplum

105 1479 279 1557 classicum
310 1477 569 1578 suppeditabit.
594 1482 688 1554 Nem
719 1505 795 1578 quo
828 1494 994 1580 tempore
1019 1487 1167 1556 Crassus

103 1602 226 1680 beilum
246 1603 417 1679 adversus
434 1603 585 1676 Parthos
606 1603 812 1678 maturabat
831 1605 1112 1706 inauspicatum,
1130 1620 1168 1676 et

101 1734 290 1804 exercitum
303 1727 485 1802 Brundisii
500 1726 724 1829 imponebat,
737 1727 832 1800 sorte
845 1727 993 1825 quidem
1004 1731 1043 1800 in
1057 1742 1167 1826 portu

103 1854 224 1934 canoas
247 1858 374 1927 Cauno
396 1851 563 1929 advectas
584 1851 746 1938 vendens
771 1851 993 1940 clamitabat,
1014 1853 1062 1926 ita
1078 1877 1166 1950 pro·

101 1971 207 2049 fecto:
227 1999 401 2062 cauneas3
422 1999 504 2073 quae
522 1998 611 2058 vox,
634 1975 788 2051 solemni
807 1989 886 2054 tum
910 1959 1054 2054 literam
1069 2001 1094 2051 u
1110 1976 1167 2050 di-

98 2097 197 2172 cendi
223 2124 314 2185 usu,
337 2095 490 2173 sonabat
514 2075 683 2187 carneas,
713 2099 772 2170 vel
798 2105 973 2183 caFrseas.
1000 2106 1101 2183 Hune
1128 2104 1166 2176 in

100 2223 259 2315 praesenti
283 2247 394 2298 nemo
415 2220 580 2296 attendit.
606 2220 677 2296 Sed
699 2237 783 2321 post
805 2239 997 2312 eventum,
1024 2241 1066 2300 ut
1087 2223 1166 2318 fieri

98 2344 202 2435 solet,
224 2345 406 2422 recordati
432 2360 519 2422 sunt
543 2350 712 2423 Crassum
734 2348 989 2437 tristiumue,
1015 2350 1045 2428 si
1064 2375 1167 2426 meus

97 2492 168 2540 non
193 2471 280 2544 laeva
305 2469 449 2560 fuisset,
477 2471 736 2569 praemonitum
761 2470 892 2546 firturae
913 2472 1042 2560 cledis,
1063 2455 1178 2571 quast

96 2611 291 2686 mereator,
319 2620 396 2668 non
421 2600 602 2694 cogitans,
624 2595 688 2674 sed
714 2596 783 2674 diis
803 2597 1048 2686 ducentibus,
1071 2601 1166 2674 occi·

96 2719 249 2798 eruisset:
267 2743 352 2795 caue
370 2743 415 2788 ne
431 2744 506 2793 eus.
978 2723 987 2742 ⁸

138 2841 320 2917 Plautinas
346 2865 496 2940 quoque
517 2865 707 2940 personas,
729 2839 880 2930 eodem,
904 2865 982 2940 quo
1003 2841 1063 2916 itte
1084 2867 1168 2922 eeu·

94 2986 244 3044 neutum
261 2963 441 3050 venditor,
466 2964 579 3038 modo
595 2964 707 3041 verba
725 2965 1000 3056 contrahentes,
1015 2967 1073 3040 vel
1090 2980 1167 3042 rur·

93 3111 153 3159 sus
174 3087 444 3175 distendentes,
467 3091 497 3160 si
514 3113 638 3166 versus
660 3088 835 3185 rhythmo
857 3113 925 3164 suo
948 3087 1168 3171 fundantur,

28 3252 32 3266 ·
91 3208 225 3283 audias.
243 3214 371 3308 ltaque
389 3210 470 3284 illos
486 3209 669 3309 refingere¹
680 3226 717 3285 et
735 3213 938 3284 orationem
955 3237 1000 3286 ex
1021 3214 1167 3310 ingenio

93 3333 286 3405 emendare
312 3333 482 3405 audacius
509 3334 628 3406 visum
653 3332 762 3406 nobis
787 3348 843 3406 est
871 3335 1061 3432 meJusque
1084 3337 1166 3414 viri·
1224 3321 1228 3330 ⁸

92 3453 163 3526 bus
183 3481 293 3554 opus,
323 3459 519 3553 praesertim
539 3455 641 3553 quod
666 3458 780 3553 magis
804 3455 1031 3530 emendantis
1056 3457 1167 3530 soler·

94 3581 181 3655 tiam
199 3577 422 3666 ostenderet,
443 3605 553 3678 quam
572 3594 692 3656 textus
707 3583 953 3678 integritatem
971 3595 1164 3677 praestaret.

91 3705 220 3804 Itaque
236 3705 389 3804 vulgatas
409 3704 556 3779 lectioni
571 3705 801 3803 acquiescere
818 3727 929 3802 saepe,
947 3727 1059 3801 quem
1080 3729 1167 3780 oon·

128 3985 168 4047 (1)
188 3985 232 4033 Ex.
244 4003 280 4052 gr.
288 3987 587 4054 pop'lus,arg'menurm,
605 4000 652 4039 ete.
666 4007 692 4055 p.
708 3991 831 4055 populus,
842 4006 1022 4057 argumentum.

130 4110 174 4174 (ι)
194 4114 271 4162 Aureo
283 4115 457 4180 dissyllabum,
470 4133 514 4164 suo
529 4133 577 4166 nna
588 4115 690 4181 syihbe.

130 4229 175 4296 (3)
198 4234 332 4290 tautum,
350 4238 460 4300 seldene,
475 4236 540 4298 ῖαηι,
555 4257 581 4304 p.
596 4239 733 4297 etolvunt,
749 4241 848 4290 solvunt
859 4275 867 4302 ,
879 4243 937 4301 jem.
