2874 4996
297 446 340 518 16
715 451 929 524 BORATII

213 579 216 590 ⁸
291 606 401 656 metro
420 591 581 656 cataiecto
599 591 710 680 (num.
729 594 783 682 3),
800 617 883 683 quos
902 595 929 692 si
942 593 1147 686 ἀσυναρτὴτως
1164 599 1347 691 (efosupra

291 701 354 766 sub
370 698 419 764 lit.
434 701 479 792 f.)
497 703 670 767 connectis
688 717 846 792 tanquam
864 706 983 772 seriem
1001 706 1205 775 trochaicam
1222 734 1346 779 novem

290 811 416 900 pedum
429 812 571 877 recitare
588 827 696 900 potes.

335 1313 421 1376 XIX.
444 1313 584 1376 Metrum
602 1313 778 1378 ionicuma
789 1313 933 1395 minore,
950 1313 1116 1400 μονόκωλον
1129 1302 1345 1410 μονόσέροφον,

291 1443 394 1508 usque
414 1421 593 1487 revolvens
613 1445 747 1488 verstun
765 1423 952 1506 ionicum-a
969 1427 1098 1493 minore
1117 1445 1347 1497 tetrametrum

335 1903 399 1967 Alii
415 1903 462 1968 sic
478 1925 592 1968 versus
606 1902 759 1967 carminis
777 1903 899 1969 laudati
915 1903 1137 1992 digesserunt,
1151 1929 1268 1993 parum
1279 1909 1347 1990 soi-

290 2013 383 2092 liciti,
397 2013 509 2077 influe
521 2033 676 2104 uersuum
688 2010 861 2098 quinquies
873 2013 1036 2078 voeabula
1048 2012 1169 2084 dividi:
1277 2087 1281 2094 Ἰ,
1375 2082 1377 2086 ,

290 2552 336 2614 ita
350 2564 387 2614 ut
404 2563 545 2637 systema
560 2539 697 2634 τρίκωλον
711 2542 922 2632 τετράστροφον
942 2557 1037 2606 esset.
1054 2541 1119 2606 ulii
1135 2541 1170 2606 in
1188 2541 1271 2605 duos
1287 2544 1347 2606 tri-

290 2675 432 2739 metros,
450 2681 533 2747 quos
553 2655 701 2743 sequitur
716 2667 920 2732 tetrameter,
936 2673 1070 2714 carmen
1088 2649 1260 2735 redigunt,
1279 2649 1348 2716 dis·
1407 2717 1408 2723 χ

287 2769 387 2834 sectis
407 2766 577 2854 nonnullis
595 2764 746 2829 vocibus.
768 2767 893 2826 Rursus
909 2763 963 2826 alii
976 2762 1011 2826 in
1029 2753 1112 2824 duos
1125 2770 1347 2826 tetrametros

289 2903 366 2945 cum
384 2903 451 2944 uuo
470 2878 613 2943 dimetro
634 2873 885 2944 distribuerunt.
904 2871 1007 2951 Vide,
1028 2871 1055 2936 si
1074 2871 1157 2936 tanti
1174 2886 1239 2950 est,
1257 2849 1348 2939 Ben-

290 2979 402 3055 uerum
415 2987 457 3054 aa
469 2988 502 3052 u.
517 2989 540 3052 l.
556 2986 825 3052 etuniuxcurs.
841 2983 921 3062 aar
936 2982 1014 3047 tur.
1029 2987 1084 3047 111.
1266 2961 1269 2971 “

655 3211 694 3274 C.
724 3209 985 3273 SYLLABUS.

333 3409 496 3489 Odarum,
513 3407 644 3494 adjecto
658 3421 780 3484 metro,
794 3405 848 3472 cui
860 3395 998 3492 quaeque
1014 3399 1230 3467 conveniunt.

305 3561 362 3613 uu.
470 3559 519 3612 oa.
638 3539 758 3610 nermo.
837 3555 895 3608 uu.
1001 3554 1051 3608 oa.
1179 3553 1304 3604 Menum,

309 3664 335 3725 1.
489 3657 504 3720 1
1179 3649 1233 3710 ru.

487 3746 507 3807 2
689 3791 697 3806 .
1103 3791 1105 3796 s
1154 3733 1285 3799 ·xur.‘

434 3909 436 3914 ,
487 3838 506 3900 3
674 3882 682 3897 .
994 3823 995 3828 ‘
1177 3828 1247 3892 vu.

342 3937 345 3944 ⁴
485 3929 504 3986 4
1178 3916 1265 3979 vtu.

487 4017 506 4076 e
1177 4005 1233 4069 vt.
