2874 4996
137 581 780 604 mmmmmmmmmmmmwwem
784 582 1201 611 mmmmmmm

333 807 335 812 ’
383 791 925 964 ‘raAEraauo

539 1141 827 1170 m*—

127 1399 204 1518 Eu
225 1440 313 1529 tibi,
336 1439 452 1512 lector
466 1437 663 1529 benevole,
681 1439 804 1538 prodit
819 1441 929 1538 hujus
947 1449 1099 1543 agminis
1117 1451 1204 1523 clas-

125 1562 187 1636 sici
208 1563 282 1636 fere
306 1579 515 1662 postremus
542 1559 601 1634 ille
625 1567 802 1652 sarsinas,
822 1591 953 1663 quem,
978 1572 1007 1641 si
1028 1595 1095 1669 pro
1116 1582 1205 1647 anti-

123 1691 271 1786 quitatis
299 1688 485 1784 majestate
513 1685 605 1758 ordo
631 1685 847 1771 duceretur,
873 1687 975 1762 chori
1002 1695 1205 1794 principem

121 1811 329 1899 habuisseS,
350 1813 480 1908 utique
494 1833 581 1881 vero
596 1812 691 1881 inter
704 1807 843 1908 primos
863 1807 1078 1904 colendum,
1093 1819 1205 1890 modo

121 1936 312 2028 latinitatis
334 1934 525 2032 ingenium
546 1933 753 2005 aestimetur.
773 1935 876 2032 Ipsas
895 1937 991 2007 enirn
1011 1941 1151 2030 Musas,
1174 1943 1204 2013 si

119 2059 233 2130 latine
252 2056 359 2155 loqui
379 2053 600 2144 voluissent,
624 2080 699 2126 non
726 2053 818 2145 alio,
842 2058 910 2128 nisi
934 2058 1103 2131 Plautino
1124 2087 1203 2136 ser-

119 2205 231 2252 mone
244 2181 464 2278 loquuturus
477 2177 589 2250 fuisse
602 2175 800 2250 doctissimi
817 2193 983 2252 veterum
996 2179 1199 2258 literatores

116 2319 368 2377 censuerunt:
392 2307 514 2399 Musas
535 2301 707 2400 quidem,
736 2305 887 2401 opinor,
911 2301 1082 2403 puellaris
1100 2335 1201 2382 vere·

116 2425 260 2501 cundiae
280 2452 359 2498 non
384 2427 469 2498 satis
492 2450 691 2513 memores,
718 2437 756 2495 at
783 2429 925 2498 comico
954 2425 1079 2528 lepore
1104 2450 1202 2507 certe

1 2563 2 2646 f
114 2553 303 2623 animatas.
322 2551 401 2632 Hoc
421 2551 533 2622 sensit
550 2575 656 2621 mens
676 2547 734 2644 dia
753 2550 913 2638 Molieri,
932 2552 1003 2624 hoc
1019 2555 1201 2654 Regnardi

114 2673 308 2764 festivitas,
327 2673 401 2745 hoc
418 2674 524 2745 multi
543 2659 756 2745 scenicae‘rei
773 2667 873 2746 haud
892 2677 1089 2772 spernendi
1111 2686 1197 2752 arti-

112 2797 203 2872 fices
220 2800 277 2870 vel
294 2798 467 2896 magistri.

164 2924 199 2994 Is
222 2948 309 2995 vero
330 2947 450 2994 errare
469 2919 705 2992 vehementer
726 2919 815 2990 mihi
837 2915 1040 3008 videbitur,
1060 2924 1125 3022 qui
1147 2926 1198 2998 lo·

1 3099 2 3106 ,
111 3043 305 3145 quacitatis
319 3045 499 3119 derisoriae
513 3059 674 3132 tantum,
687 3045 746 3140 cuj
753 3043 894 3114 us‘modi
906 3039 1052 3117 laudern
1068 3045 1194 3122 Plauto

110 3163 402 3262 nonnulliiacile
416 3168 643 3255 concedunt,
661 3177 702 3240 ut
721 3149 865 3240 caeteras
883 3165 1094 3261 detrahant,
1114 3168 1193 3246 fon·

110 3311 189 3367 tem
207 3287 303 3365 illius
321 3317 433 3392 opera
448 3317 546 3382 ¹csse,
568 3317 689 3390 neque
715 3290 847 3364 eximie
869 3308 934 3385 aut
955 3310 1107 3367 venuste
1126 3321 1188 3370 co-

109 3414 225 3514 gitata
241 3413 411 3515 dictaque
430 3413 612 3514 eleganter
630 3415 714 3486 inde
734 3442 884 3514 quoque
903 3435 1100 3518 suppetere
1117 3424 1190 3494 exi.-

1 3529 2 3550 ’
109 3535 283 3612 stimabit.
296 3543 418 3633 Quam
435 3531 587 3639 pralium
602 3540 647 3612 sit
662 3541 732 3611 tale
747 3541 938 3636 judicium,
951 3535 1010 3642 hic
1029 3568 1049 3614 e
1065 3545 1188 3620 multis

111 3687 210 3733 unus
225 3661 287 3760 (ne
305 3678 362 3752 te,
382 3661 509 3751 lector,
528 3663 727 3758 moremur)
745 3679 961 3762 argumento
980 3669 1049 3737 erit
1069 3667 1186 3756 locus,

107 3809 223 3884 quem
240 3783 414 3858 Molierus
437 3813 456 3857 e
479 3813 578 3886 penu
600 3787 763 3858 Plautina
782 3785 1031 3886 deprompsit:

231 4021 279 4076 Un
292 4025 390 4073 amant
403 4013 454 4074 init
466 4035 497 4075 sa
511 4033 583 4074 cour
597 4019 636 4074 ou
651 4015 788 4075 s'attache
804 4031 857 4074 son
869 4035 965 4090 coeur3

228 4122 252 4180 Il
264 4131 334 4180 veut
348 4121 385 4180 de
401 4129 464 4206 tout
480 4123 508 4181 le
523 4122 630 4185 monde
643 4137 662 4199 y
677 4137 786 4202 gagner
797 4121 825 4182 la
840 4121 958 4204 lareur3

228 4231 267 4286 Et
280 4248 359 4308 pour
370 4227 486 4286 n’avoir
501 4247 648 4306 personne
662 4233 678 4286 al
693 4249 723 4286 sa
737 4225 852 4287 flamme
866 4221 1027 4298 contraire,

186 4339 216 4403 I.
1045 4359 1069 4400 (ι
