2874 4996
412 465 586 532 METRA
610 465 811 534 LYRICA.
1115 489 1139 560 9

105 604 250 689 cujusque
264 599 364 687 igitur
380 599 523 666 membri
542 598 657 664 ultima
676 599 802 688 syllaba
819 597 939 664 eodem
953 601 1043 684 jure,
1059 621 1097 664 ac
1110 600 1139 664 si

104 728 174 779 esset
188 712 302 776 ultima
317 733 444 790 versus,
462 725 497 776 et
507 709 619 798 ionga,
637 725 671 775 et
683 709 795 777 brevis
808 733 879 776 esse
891 725 1014 798 potest,
1024 733 1135 798 neque

21 887 22 896 ,
102 821 227 888 eliditur.
239 824 313 886 Hoc
323 843 591 908 versuumgenus
600 819 766 886 invenisse
775 819 994 890 Archilochus
1003 819 1135 885 dicitur.

21 989 22 992 ,
101 930 233 996 inultis
252 929 381 995 Horatii
401 929 586 996 editoribus
609 929 728 1018 singuli
746 953 861 996 versus
882 930 917 996 in
937 929 1035 996 binos
1055 927 1139 995 divi·
1190 953 1193 964 ’

101 1040 208 1106 duntur
219 1041 308 1119 illos,
321 1063 362 1105 ex
376 1040 495 1128 quibus
509 1039 684 1128 compositi
698 1055 786 1106 sunt.
802 1044 844 1105 Et
854 1063 947 1120 sene,
959 1055 997 1104 ut
1008 1042 1136 1106 Gesne-

21 1199 22 1204 1
100 1133 602 1230 msobserv'at,commodissima
616 1165 703 1216 esset
714 1149 842 1216 divisio.
861 1149 930 1216 Sed
943 1150 1064 1215 acriter
1074 1171 1138 1237 pro

99 1285 199 1327 versus
208 1260 395 1354 integritate
405 1275 531 1348 pugnat
542 1259 722 1341 Bentleius,
733 1259 974 1349 Hephaestionis
986 1260 1140 1326 aliorum·

20 1385 21 1442 6
99 1393 155 1458 que
173 1367 461 1455 grammaticorum
480 1367 673 1434 anctoritate
692 1367 807 1434 fretus.
828 1368 880 1434 Cf.
898 1391 991 1434 num.
1007 1383 1139 1434 antece·

20 1447 22 1598 6
99 1477 180 1544 dens.
194 1481 242 1542 Ex
254 1476 392 1541 Ηοιιιιιο
405 1474 472 1542 huc
484 1492 675 1564 pertinent

20 1681 21 1722 3
135 1637 185 1700 20.
209 1639 332 1702 Versus
350 1633 570 1720 elegiambus,
588 1634 791 1723 compositus
808 1656 931 1723 nempe
947 1656 988 1698 ex
1005 1631 1139 1720 elegiaci

97 1767 200 1808 versus
220 1741 359 1808 dimidio
380 1764 407 1806 s.
429 1740 687 1829 penthemimeri
706 1741 869 1830 dactylica
886 1739 999 1830 (num.
1023 1739 1086 1828 li),
1104 1754 1138 1804 et

20 1845 21 1856 ¹
97 1877 185 1920 versu
196 1853 339 1920 iambico
351 1850 494 1917 dimetro
507 1851 685 1918 acatalecto
697 1850 801 1936 (num.
817 1851 862 1939 2).
947 1927 949 1936 Ι

148 2016 166 2026 -ι
261 2003 326 2024 -UU
378 2012 396 2021 -
419 1981 430 2051 u
453 2001 471 2021 ν
525 2001 565 2020 υ-
640 2011 658 2020 -
734 2011 752 2020 -

377 2096 395 2116 υ
417 2074 429 2147 Η
452 2104 494 2114 ..-
617 2104 659 2114 --

19 2221 20 2236 ,
147 2173 263 2234 Desinet
271 2169 430 2246 impu-ibus
438 2180 548 2225 certare
558 2168 708 2226 submotus
718 2167 824 2243 pudor.
839 2167 934 2243 Epod.
949 2186 993 2235 ιι,
1007 2167 1051 2224 ι8.

19 2239 21 2340 6
146 2274 249 2331 Libera
263 2271 381 2329 consilia
392 2289 446 2326 nec
459 2269 641 2327 contumeliae
654 2287 764 2345 graves.
778 2269 874 2344 Epod
888 2288 933 2338 11,
944 2267 992 2325 ι6.

19 2353 20 2364 ¹
145 2373 261 2432 Inachis
273 2372 376 2429 furere
386 2371 472 2450 sylvis
484 2371 629 2428 honorem
642 2369 760 2428 decutit.
775 2369 871 2445 Epod.
888 2389 932 2439 11,
943 2369 973 2426 6.

145 2474 315 2532 Fervidiore
324 2491 406 2529 mero
415 2459 519 2528 arcane
528 2481 680 2548 promorat
689 2471 755 2528 loco
764 2468 840 2548 (cum
846 2467 946 2550 hiatus).
956 2469 1013 2546 Ep.
1025 2488 1071 2540 ιι,
1082 2475 1126 2536 ιι.

132 2599 238 2666 estin
251 2597 429 2662 metroxl.

18 2751 20 2848 6
133 2757 186 2818 21.
209 2757 333 2818 Versus
347 2748 547 2835 iambeiegus
558 2745 760 2835 precedenti
774 2743 899 2822 similis,
912 2741 976 2808 nisi
986 2738 1078 2828 qnod
1090 2740 1139 2804 in·

18 2855 19 2924 6
94 2887 184 2930 verso
201 2861 323 2929 ordine
340 2859 529 2925 membrum
544 2857 719 2922 iambicum
735 2853 895 2944 precedit
912 2868 947 2918 et
960 2851 1139 2938 elegiacum

93 2972 309 3063 subsequitur

478 3096 647 3258 vsi-⁹⁰

185 3296 237 3352 Tu
246 3309 314 3347 rma
323 3289 475 3362 Torquato
484 3301 571 3340 more
580 3282 697 3338 consule
706 3297 804 3356 pressu
811 3296 889 3335 meo.
900 3277 996 3353 Epod.
1008 3275 1052 3344 13,
1064 3273 1108 3330 16.

185 3399 300 3452 Levure
311 3388 392 3448 duris
401 3397 521 3465 pectora
531 3381 780 3440 solitcrtndmtbus
795 3379 890 3455 Epod.
905 3377 950 3447 13,
965 3395 1008 3434 10.

131 3510 210 3576 Est'
200 3531 238 3574 m
252 3520 361 3572 metro
372 3507 414 3570 X

18 3481 20 3534 6

18 3539 19 3626 6

446 3679 480 3748 g
507 3651 671 3722 Versus
656 3651 781 3720 tonici.

18 3869 19 3880 ¹
133 3855 187 3921 Sic
203 3850 287 3918 dicti
302 3848 349 3913 ob
366 3843 496 3935 pedes
487 3842 634 3910 ιοιιίιοιι
654 3864 695 3906 ex
711 3839 830 3928 quibus
848 3849 1012 3902 constant.
1032 3837 1142 3902 Unum

97 3977 215 4030 tantum
227 3958 317 4051 apud
327 3955 500 4022 Horatium
511 3951 623 4018 talium
632 3967 788 4018 versuum
798 3970 902 4035 genus
914 3946 1097 4036 reperitur:

130 4155 150 4192 ι.
172 4163 254 4181 w--
268 4137 365 4192 ionicus
377 4153 391 4186 ι
403 4134 511 4197 minore,
524 4149 611 4170 --w
623 4127 718 4182 ionicus
730 4145 744 4180 a
757 4127 856 4194 majore.
