2874 4996
422 457 507 526 urs
530 447 743 545 norun.
768 457 816 526 11.
1096 463 1137 546 rr

16 603 17 660 j
102 599 220 670 sacrisque
237 597 401 668 pimluribus
414 595 500 650 civitas
515 597 563 650 istc
580 597 677 666 piaculo
691 597 841 651 eximeretur
853 614 882 650 ac
896 607 1049 668 purgaretur,
1064 601 1147 672 sinque

102 687 204 740 Deorum
217 687 254 738 ira
264 701 320 736 cum
330 683 383 754 ipsa
392 682 486 738 ultione
497 693 657 738 averteretur.
668 684 785 755 Expiatio
799 684 845 737 ista
861 684 1038 756 antiquissimis
1046 685 1145 758 quids-

16 835 17 838 Ἴ
102 783 128 825 et
136 771 238 826 heroicis
249 771 401 840 temporibus
415 771 460 836 (ut
470 769 577 840 mythiaa
587 779 718 835 tranaeam,
728 770 755 822 iu
764 771 854 842 quibus
863 771 969 825 Deorum
981 789 1070 826 munus
1078 773 1145 844 erat)

16 857 17 872 ¹
103 856 285 912 sanctissimis
297 856 441 909 bominibus
456 855 500 926 qui
516 865 567 908 tum
580 863 647 910 ratas
662 855 714 910 iere
724 855 890 922 habebantur,
898 857 993 911 solebat
1000 858 1099 926 peragi3
1110 858 1147 912 uti

16 951 17 960 ¹
103 954 193 998 constat
200 944 231 997 de
237 943 373 1013 Eumolpo,
381 943 538 1012 Epimenide,
548 941 665 1012 Orpbso:
685 943 750 1012 apud
763 943 884 998 liomanos
893 944 1020 1020 serolibri
1032 944 1148 1015 Sybilliui

16 1059 18 1100 4
104 1029 424 1101 inspiciebantur‚equibus
433 1028 614 1090 sacrificiorum,
626 1029 716 1100 quibus
725 1028 995 1102 numiuaploearautun
1004 1031 1150 1116 procedebat

16 1119 17 1172 l
103 1119 238 1171 auctoritas.

16 1253 17 1274 ἶ
135 1203 263 1258 Proximus
276 1204 353 1272 igitur
362 1213 457 1275 poetam
469 1221 485 1256 a
495 1205 570 1260 bellis
578 1204 707 1268 uirilibus,
718 1221 773 1276 qua
783 1204 837 1276 ipsa
848 1205 951 1262 maximi
963 1206 1041 1260 instar
1050 1206 1150 1260 sceleris

16 1287 17 1324 ³
102 1291 265 1355 habebantur,
277 1289 369 1342 irarum
381 1307 465 1344 causas
479 1291 606 1360 repetiisse
621 1289 779 1346 manifestum
794 1299 832 1344 est
840 1310 848 1357 ς
863 1307 1002 1362 quanquam
1013 1308 1149 1346 uocrcmo-

101 1376 188 1431 tioreur
203 1377 287 1439 illam,
305 1377 371 1430 unde
387 1377 453 1430 bcila
468 1377 550 1431 ciuilia
560 1387 641 1432 ortum
655 1386 794 1440 traxerant,
805 1377 923 1432 nimirum
935 1377 1039 1430 Curris
1048 1394 1149 1442 nocam,

102 1449 199 1532 penitus
210 1461 323 1517 exciuit.
334 1462 397 1516 vid.
409 1482 447 1517 vv.
464 1477 507 1528 rr,
517 1475 562 1530 ar,
575 1476 608 1518 ao
619 1473 645 1518 or
656 1475 702 1530 sa,
713 1473 757 1520 ss.

134 1553 183 1606 llis
193 1553 326 1623 promissis
337 1555 388 1622 jam
405 1555 437 1608 sd
454 1555 532 1624 ipsam
545 1555 683 1623 argumenti
693 1555 860 1610 tractationem
869 1555 1022 1620 aooedamm,
1032 1557 1151 1626 qoumita
1264 1535 1266 1540 ¹

16 1617 18 1672 Γ
103 1640 154 1694 iera
171 1640 282 1694 instituit
296 1639 431 1694 Horatius:
451 1641 573 1696 borrsusla
589 1641 700 1712 prodigis
716 1660 771 1712 que
789 1643 843 1712 ipsa
860 1642 993 1712 perniciem
1011 1642 1152 1712 raipsrblisas

103 1725 203 1780 allatura
212 1726 369 1793 ridebantur,
378 1743 475 1796 gravem
485 1727 610 1792 Deorum,
626 1745 700 1799 quam
710 1729 810 1800 quidem
821 1729 941 1782 bellorum
952 1728 1061 1782 civilium
1075 1729 1152 1781 scole-

105 1812 172 1865 ribus
179 1815 206 1866 iu
214 1823 311 1866 nosmet
317 1814 490 1877 convertimus,
502 1815 564 1867 iram
571 1814 727 1883 portendunt.
739 1815 895 1868 Procuranda
904 1815 965 1868 adso
973 1815 1021 1867 ista
1030 1813 1150 1884 prodigia,

16 1949 17 1972 ζ
104 1899 255 1968 populusque
264 1899 339 1951 sacris
348 1899 513 1968 piacularibus
522 1899 554 1952 ab
561 1900 609 1952 isto
614 1899 705 1953 scelera
711 1901 860 1970 purgandus.
868 1899 904 1952 At
908 1917 963 1953 cum
971 1917 1043 1953 nemo
1050 1901 1102 1952 iore
1108 1902 1151 1964 sit,

104 1983 154 2053 qui,
163 1985 195 2037 ab
205 1986 254 2038 isto
265 1985 357 2038 scelere
366 2003 455 2054 parus,
465 2001 532 2038 sacra
544 1985 591 2038 ista
601 1994 667 2038 recte
679 1986 763 2051 iaciat,
774 1986 860 2038 lorum
870 2002 977 2049 oremus,
988 1994 1016 2037 nt
1024 1986 1096 2037 deum
1104 1985 1152 2038 ali-

16 2123 17 2142 }
104 2059 1154 2142 quem‚s1uinosexpiet,aduosdescenderojubsut.Atqueutinamlliipatrii,goutia

105 2167 191 2210 rostra
203 2157 312 2222 miserti,
323 2157 354 2210 ad
364 2175 408 2210 uos
417 2157 503 2210 renira
513 2171 545 2208 ne
554 2155 731 2222 dedignenturl
741 2157 846 2222 utinm,
860 2166 888 2210 tu
896 2155 994 2226 Apollo,
1004 2159 1098 2223 venias,
1109 2175 1154 2210 seu

16 2245 17 2248 ’
107 2256 141 2312 tu,
150 2263 166 2298 o
175 2245 272 2307 Venus,
284 2243 336 2296 sire
346 2253 384 2308 tu,
394 2261 410 2296 o
419 2243 500 2308 Mars,
512 2251 595 2296 auctor
605 2239 718 2310 genum
732 2243 788 2294 Jam
800 2243 921 2298 iuter'nos
931 2244 1046 2310 versaris,
1055 2239 1071 2298 b
1081 2237 1153 2297 Merss

106 2333 166 2399 curi,
175 2332 304 2402 luteaque
313 2331 360 2382 sub
368 2327 473 2398 Augusti
485 2330 574 2400 specie,
585 2329 717 2400 expiatoris
728 2347 817 2384 nomeu
832 2331 898 2384 baud
908 2333 1054 2401 aspernaris.
1067 2333 1107 2386 Sic
1118 2343 1153 2398 te,

107 2419 220 2482 oCaesar,
234 2427 263 2471 ut
276 2417 321 2470 diu
332 2416 399 2470 inter
410 2434 454 2469 nos
464 2433 578 2476 maneas,
592 2417 623 2467 ad
635 2417 810 2485 rempublicam
820 2417 959 2486 erigendam
971 2427 996 2470 st
1004 2419 1036 2471 ab
1045 2418 1152 2472 bostium

109 2503 286 2558 incursionibus
295 2502 480 2566 uindicandam,
489 2503 563 2555 enixo
572 2519 709 2572 precamur.
960 2491 962 2498 '

140 2593 241 2657 Videat,
248 2592 395 2662 quicumque
403 2593 531 2646 literarum
539 2607 623 2644 amans
632 2591 718 2656 luerit,
726 2609 776 2662 qno
783 2592 983 2661 modoVirpilius
991 2595 1087 2646 easdem
1098 2611 1155 2648 seu-

16 2673 17 2676 ’
110 2679 194 2732 tentius
208 2678 362 2743 assaverit,
374 2679 531 2747 conieratque
546 2695 601 2730 urm
614 2679 660 2731 hoo
671 2675 770 2731 Horatii
787 2681 914 2746 magnifico
928 2679 1036 2732 carmina
1052 2678 1154 2733 similli-

16 2817 17 2832 χ
112 2781 173 2816 nuru
184 2764 263 2819 locum
274 2762 366 2830 Georg.
377 2764 402 2826 1,
412 2764 460 2816 sub
471 2764 536 2815 tine:

277 2874 313 2918 Dii
324 2873 380 2932 patri
390 2873 509 2932 indigetes,
519 2883 540 2918 st
550 2871 655 2928 lionoris,
665 2875 774 2934 Vastaqus
784 2885 852 2918 mutar

279 2954 334 3006 Qua
341 2953 436 2996 Tuscum
445 2952 541 2996 Tiberim
551 2960 573 2996 et
583 2953 680 2997 Romana
690 2952 769 3013 palatia
779 2966 864 3007 senas,

278 3033 343 3076 iiunc
353 3030 429 3074 saltem
439 3044 516 3074 averso
524 3029 628 3091 juvenem
638 3045 768 3076 succurrere
778 3029 844 3080 sarelo

279 3110 313 3157 lle
325 3109 454 3172 probibate,
466 3117 512 3160 ster
