2874 4996
419 419 593 490 METRA
617 419 813 491 LYRICA.
1127 419 1149 492 5

143 557 268 620 Caesura
280 551 334 620 bis
347 555 465 622 omissa
479 535 555 624 ests
903 619 906 634 ,

191 691 268 745 Dum
283 686 433 767 flagrantia
446 690 603 766 detorquet
616 691 654 750 ad
666 692 774 750 oscula.
790 691 830 762 11,
845 709 892 762 12,
904 689 951 748 nh.
1012 677 1014 686 Δ

190 791 257 847 Non
271 789 411 866 stipendia
424 790 604 868 Carthaginis
618 792 720 869 impiae.
735 795 786 863 IV,
799 793 826 864 8,
840 813 884 867 17.

139 911 245 976 Mirari
255 911 346 990 licet,
359 910 559 991 benficium,
569 911 662 992 dum,
675 912 710 978 in
721 928 792 980 not.
806 912 947 980 advers.
960 925 1085 1000 poster.
1101 933 1143 976 en
1161 995 1165 1004 A

102 1043 189 1107 pausa
199 1021 234 1086 in
242 1020 352 1086 media
360 1041 445 1086 voce
455 1021 635 1087 constituta
645 1037 875 1109 argumentum
884 1045 999 1088 versus
1008 1020 1144 1114 delendi

101 1145 217 1216 petens,
230 1129 478 1210 vehementior,
490 1131 537 1196 uti
553 1133 652 1211 solet,
665 1131 700 1196 in
715 1132 948 1202 tenebrionem
962 1132 1068 1210 illum,
1085 1132 1143 1220 qui

101 1237 178 1304 hunc
189 1262 323 1305 versum
331 1241 553 1321 contexuerit,
566 1241 747 1323 invehitur,
758 1241 932 1329 adjecisse:
945 1245 1143 1330 «Nunquam

100 1370 135 1412 ne
154 1350 254 1416 semel
275 1349 410 1438 quidem
428 1348 559 1437 (sciens
582 1351 648 1418 hoc
672 1352 821 1442 affirmo)
843 1351 991 1420 discessit
1013 1351 1062 1418 ab.
1078 1349 1141 1416 hac

99 1459 317 1544 (observanda
329 1483 451 1550 nempe
461 1464 608 1552 caesurae)
620 1463 734 1550 regula
745 1468 866 1531 Noster
877 1465 914 1532 in
924 1485 1023 1532 versu
1033 1462 1141 1532 Ascle-

98 1568 215 1654 piadeo.
236 1599 252 1630 ι

133 1679 240 1745 Semel
252 1679 288 1744 in
300 1701 402 1767 pausa
412 1679 525 1746 brevis
539 1694 590 1745 est
601 1680 726 1768 syllaba
738 1706 747 1746 t

164 1815 258 1883 Quam
273 1813 297 1870 si
310 1812 530 1888 quidquid-arat
544 1812 666 1890 impiger
677 1813 801 1892 sputus,
815 1813 870 1883 111,
884 1813 929 1883 16,
942 1813 988 1868 26.

27 1995 28 1998 ,
132 1933 241 1998 Hiatus
255 1950 306 1998 est
318 1933 353 1996 in
365 1956 465 2022 pausa
477 1936 505 2014 1,
521 1935 555 2013 6,
569 1936 623 2014 15,
635 1935 697 2000 nisi
709 1935 796 2022 legas
808 1935 978 2002 Merionen.

27 2077 29 2132 p
132 2043 231 2108 Estin
247 2045 598 2122 metrol‚ll,lll‚lV.
725 2107 727 2114 .

26 2219 28 2348 p
132 2203 160 2264 9.
179 2205 304 2268 Versus
316 2198 549 2289 Asclepiadeus
561 2193 667 2286 major
682 2222 709 2264 s.
727 2199 970 2280 choriambicus
983 2211 1137 2264 tetrame-

94 2321 147 2388 ter,
164 2309 378 2376 antecedenti
393 2309 526 2394 similis,
544 2310 608 2374 nisi
625 2309 716 2397 quod
732 2332 799 2375 uno
817 2308 924 2375 adhuc
940 2306 1135 2374 choriambo

64 2473 65 2482 ,
92 2422 207 2487 anatim
221 2437 286 2488 est.

145 2563 190 2576 ....
238 2552 334 2576 ..υυ-
357 2531 369 2604 n
390 2531 488 2572 -νύ-
511 2531 523 2603 η
547 2551 641 2572 -νυ-
694 2551 736 2582 ug

333 2597 336 2608 .
511 2585 515 2604 ι
725 2589 728 2598 .

143 2627 211 2697 Quis
221 2636 292 2703 post
301 2625 368 2682 vina
377 2642 494 2702 gravem
504 2622 634 2680 militiam
643 2635 692 2680 aut
700 2623 868 2700 pauperiem
876 2633 983 2700 erepat
997 2623 1021 2691 1,
1033 2622 1078 2692 18,
1090 2619 1117 2682 5.

127 2756 234 2821 Semel
243 2771 372 2822 tantum
382 2776 505 2820 caesura
514 2753 1131 2843 postseoundumchoriamhumubest.

157 2886 408 2963 Arcaniquefides
420 2887 544 2964 prodiga
556 2885 736 2962 perlucidior
748 2885 834 2942 vtae.
853 2888 876 2957 1,
890 2886 935 2956 as,
949 2885 993 2942 16.
1227 2847 1230 2854 ’

124 3011 177 3074 Est
188 3009 224 3074 in
239 3023 351 3074 metro
364 3009 404 3074 V.

126 3166 175 3230 10.
196 3169 321 3234 Versus
333 3161 605 3251 Aristophanicus
621 3186 648 3252 sy.
666 3162 911 3228 choriambicus
927 3160 1070 3227 dimeter
1082 3181 1134 3226 ca·

88 3271 212 3340 alectus
223 3274 260 3339 in
275 3271 539 3361 amphibrachyn
550 3271 640 3360 (υ-)
651 3271 892 3338 autbacchium
904 3272 1006 3362 (--.)

277 3477 446 3552 Curaeque
460 3474 599 3534 militaris.
617 3476 640 3544 1,
653 3469 721 3546 835.

121 3593 174 3656 Est
185 3593 222 3658 in
235 3607 345 3658 metro
357 3594 427 3659 Vll.

119 3753 172 3814 tt.
194 3751 319 3816 Versus
336 3746 520 3836 sapphicus
536 3749 661 3828 minor,
681 3762 895 3813 constansex
910 3744 1044 3834 dipo‘dia
1063 3761 1136 3814 tro--

86 3851 187 3924 chaica
201 3873 236 3924 et
247 3879 348 3924 versu
362 3857 583 3923 antecedenti.

353 3999 371 4008 -
393 3968 405 4039 p
544 3989 608 4019 .-2

209 4063 297 4121 Ludit
310 4050 437 4122 herboso
450 4083 538 4140 pecus
551 4083 638 4122 omne
651 4082 762 4138 campo.
779 4063 832 4138 111,
845 4063 890 4136 18,
902 4085 931 4142 9.

951 4160 982 4232 1³
