2874 4996
265 525 286 615 ij
660 521 946 590 PRAEFATIO.

383 667 398 720 J
403 658 521 738 usqu’au
536 657 621 715 obieri
634 655 676 714 du
687 656 760 734 logis
774 657 795 714 il
809 655 941 716 s'eflorce
954 652 991 710 de
1003 653 1096 731 plaire
1106 653 1117 732 (
1122 657 1156 730 ι).
1179 735 1182 740 .
1221 691 1225 700 .

611 787 616 797 ·
654 769 700 816 Les
710 771 821 817 Femmea
830 779 953 826 sarantes,
964 777 1011 814 act.
1024 770 1051 826 l,
1063 783 1099 814 ac.
1112 769 1136 814 3.

311 907 505 981 Praeterea,
520 905 698 989 quantum
712 889 757 962 ad
772 894 1020 960 Romanorum
1036 913 1156 958 mores
1168 883 1332 957 domesti-

265 1053 326 1102 cos
348 1042 510 1119 ususque
534 1015 672 1102 civiles,
693 1037 824 1110 nempe
844 1015 953 1083 vitam
968 1011 1109 1110 populi
1129 1011 1333 1082 interiorem
1363 1013 1371 1028 '

163 1178 167 1184 ·
264 1142 552 1252 pernoscendam
577 1138 757 1210 studiosos
784 1138 933 1208 Plautus
963 1136 1128 1232 adjuvet,
1162 1137 1243 1234 quis
1273 1158 1333 1204 ne·

263 1281 330 1352 scit
353 1271 515 1374 'prudens
540 1268 689 1336 istarum
708 1261 980 1360 disciplinarum
999 1259 1158 1332 arbiter?
1183 1258 1272 1330 adeo
1296 1269 1335 1324 ut
1410 1337 1412 1347 Α

264 1404 341 1500 ejus
355 1391 566 1492 comoedias,
579 1389 649 1458 nisi
666 1384 924 1456 oblectamenti
935 1372 1199 1478 causalegeris‚
1218 1395 1335 1450 tamen
1407 1358 1409 1368 ¹

263 1545 437 1624 tanquam
473 1515 653 1587 historicae
683 1506 915 1578 bibliothecae
944 1503 1080 1602 grande
1108 1503 1335 1602 supplemen-
1423 1535 1424 1540 =

263 1668 343 1724 tum
356 1645 401 1719 ad
412 1662 566 1732 manum
586 1632 722 1720 habeas
741 1653 886 1701 necesse
905 1625 1042 1730 fuerit?

312 1770 382 1846 Sed
398 1769 529 1839 omissa
545 1754 878 1842 commendatione,
891 1777 965 1851 qua
978 1752 1126 1823 Plautus
1138 1751 1237 1866 apud
1254 1773 1336 1848 gua-

261 1919 365 1976 rures
383 1915 459 1962 nou
478 1897 559 1981 eget
579 1881 630 1976 (et
649 1875 746 1976 apud
765 1869 853 1948 alios
870 1873 1048 1972 quantula
1065 1887 1198 1945 nostrae
1216 1887 1336 1944 aucto·

261 2016 410 2112 ritasl),
428 2011 474 2083 de
494 2008 603 2102 hujus
628 2001 796 2088 editionis
822 1999 973 2070 consilio
1000 2013 1036 2068 et
1062 1999 1201 2069 ratione
1225 1993 1339 2096 pauca

261 2158 487 2246 praemonere
519 2118 574 2230 “tv
608 2128 741 2214 lector,
777 2119 876 2192 haud
901 2145 1180 2228 ‘supervacanea
1223 2117 1337 2191 oratio

241 2267 416 2352 uidetur.
958 2271 960 2278 ’

308 2385 453 2462 Notitiae
471 2379 723 2488 Plauqinorum
743 2387 898 2468 operum
919 2367 957 2439 id
981 2371 1019 2438 in
1042 2367 1169 2466 primis
1191 2367 1338 2450 obesse,

262 2510 364 2614 quod
382 2506 504 2580 multae
526 2496 931 2614 apud1eumdsermonis
955 2491 1161 2592 quotidiani
1188 2471 1341 2562 locutio·

262 2663 327 2712 nes
346 2634 391 2706 ab
409 2628 535 2728 figuris
557 2619 703 2704 dicendi
725 2618 876 2716 poeticis
898 2615 955 2686 vel
977 2615 1145 2685 or'atoriis
1166 2611 1340 2684 receden-

203 2767 207 2782 '
263 2777 335 2846 tes,
355 2737 471 2827 multa
499 2768 657 2842 romanae
680 2739 780 2840 plebi
805 2738 992 2809 intellectu
1013 2749 1205 2835 prompta,
1234 2733 1342 2806 nobis

141 2936 160 2958 n
263 2882 373 2983 paulo
391 2874 631 2979 abstrusiora,
647 2879 775 2963 utpote
793 2861 838 2934 ad
858 2887 914 2933 res
932 2875 1037 2932 aetate
1055 2861 1202 2930 Catonis
1219 2875 1256 2930 et
1271 2862 1341 2929 En·

171 3014 173 3020 ’
221 2989 223 2995 ’
263 3009 303 3080 nl
320 3004 485 3102 vulgares
506 2993 749 3099 pertinentia,
774 2985 940 3058 fallerent
965 2985 1168 3082 legentem,
1193 2983 1252 3057 vel
1277 2984 1342 3052 im·

265 3116 795 3232 peditent,animadvertimus.
812 3117 937 3207 Itaque
949 3109 1090 3179 nullum
1104 3108 1345 3206 praeteriimus

263 3260 405 3339 locum,
422 3247 533 3345 quin,
551 3246 667 3339 siqua
682 3219 954 3310 difficultasaut
973 3230 1088 3326 ellipsi
1105 3228 1344 3328 popularibus

263 3377 420 3482 loquelis
438 3367 627 3454 tralatitia,
650 3377 712 3434 aut
731 3361 816 3456 joco
838 3356 958 3429 verbis
977 3354 1200 3431 sententiare
1221 3351 1345 3450 impli-

206 3549 207 3554 =
266 3506 357 3591 cito,
382 3511 443 3572 aut
470 3486 627 3563 formula
651 3476 838 3580 singulari,
859 3494 923 3551 aut
940 3477 1090 3549 historia
1109 3474 1268 3574 quadam
1287 3498 1345 3544 re·

266 3623 413 3701 condita
439 3632 476 3690 et
507 3612 700 3692 allusione,
729 3581 953 3690 offenderet,
982 3600 1346 3699 interpretationem,

93 3731 104 3746 ’
175 3831 179 3836 ,
268 3743 498 3853 quantumin
513 3735 621 3808 nobis
638 3748 746 3820 esset,
765 3754 841 3800 non
859 3729 1060 3799 sineremus
1076 3722 1348 3811 desiderari,ut

267 3877 344 3950 hac
370 3868 481 3942 editio
499 3860 654 3933 maxime
675 3845 842 3926 omnium
860 3849 962 3922 fieret
985 3845 1264 3946 explanatorem
1280 3844 1349 3914 rati

335 4015 372 4079 (a)
385 4010 446 4060 Volt
459 4006 555 4073 placere
566 4019 618 4052 sese
627 3999 726 4058 ami‘cae,
739 3993 792 4062 volt
803 3992 874 4052 mihi,
884 3993 938 4040 volt
948 3991 1102 4056 pedisequae,

385 4108 446 4158 volt
456 4104 566 4161 famulis,
584 4101 637 4148 volt
647 4097 720 4146 etiam
729 4091 824 4142 ancillis
833 4128 841 4155 ,
850 4102 874 4140 ot
889 4106 988 4154 quoque
999 4088 1082 4137 catulo
1096 4102 1150 4136 meo

385 4203 561 4256 Subblanditur
573 4211 651 4246 novos
665 4203 767 4250 amator,
777 4207 802 4238 se
811 4201 840 4238 ut
849 4205 925 4254 quom
934 4189 1028 4244 videat,
1043 4167 1154 4250 gaudeat.

848 4277 850 4282 ¹
908 4287 1014 4349 Asinal,
1031 4288 1060 4348 3,
1072 4287 1114 4333 31.
